1974 3298
400 256 474 293 ΟΝ
503 256 617 292 ΤΗΕ
647 255 944 292 GRAMMAR
975 255 1043 292 OF
1072 256 1144 292 ST.
1175 255 1361 293 JAMES
1508 254 1673 291 clxxxvi

77 362 98 405 ὁ
136 361 370 415 νομοθέτης
409 359 430 401 ὁ
468 359 702 413 δυνάμενος
744 359 797 400 iV.
835 361 900 409 12,
938 363 1034 405 ταῖς
1078 360 1404 414 ταλαιπωρίαις
1442 360 1559 412 ὑμῶν
1593 362 1689 404 ταῖς

76 427 390 486 ἐπερχομέναις
432 441 468 468 v.
508 429 545 476 1,
582 425 602 467 ὁ
635 424 796 478 μισθὸς
831 427 917 467 τῶν
954 426 1150 479 ἐργατῶν
1186 428 1272 468 τῶν
1308 426 1576 478 ἀμησάντων
1611 425 1690 471 τὰς

75 494 235 553 χώρας,
253 492 275 535 ὁ
297 492 654 549 ἀφυστερημένος
671 507 708 533 V.
726 494 777 542 4·;
805 492 852 532 of
870 492 931 546 (3)
956 491 1148 546 ἀδελφὸς
1172 490 1193 533 ὁ
1216 492 1420 538 ταπεινός
1444 494 1506 547 (so
1528 494 1585 545 B)
1607 493 1632 534 i.
1652 495 1689 541 9,

76 559 206 613 νόμον
227 559 396 601 τέλειον
423 557 500 601 τὸν
528 561 604 610 τῆς
629 557 880 611 ἐλευθερίας
912 558 940 599 i.
964 560 1031 607 25,
1053 558 1184 607 ἀτμίς
1214 558 1317 600 ἐστε
1342 559 1367 610 ἡ
1399 557 1507 614 πρὸς
1537 559 1690 612 ὀλίγον

76 625 315 683 φαινομένη
349 625 403 667 iv.
427 627 494 675 14,
515 625 656 666 where
682 624 756 665 the
785 624 933 665 article
965 624 1114 665 makes
1136 624 1210 665 the
1233 624 1446 678 tendency
1467 631 1511 666 to
1533 640 1692 680 appear

75 692 158 733 and
187 692 412 746 disappear
436 706 461 732 a
481 691 649 746 quality
669 690 717 731 of
740 690 815 731 the
844 704 1016 745 vapour,
1039 690 1122 731 and
1154 696 1230 731 not
1258 705 1282 731 a
1313 705 1428 731 mere
1454 692 1690 732 accidental

74 759 403 808 circumstance3
445 772 488 798 so
523 757 567 798 in
601 756 712 798 Heb.
749 757 802 797 vi.
842 755 866 799 7
899 759 956 810 γῆ
994 755 1080 810 γὰρ
1111 757 1137 808 ἡ
1179 759 1359 804 πιοῦσα,
1395 757 1452 798 ix.
1486 759 1511 798 2
1549 758 1690 809 σκηνὴ

76 823 415 876 κατεσκευάσθη
458 824 483 875 ἡ
522 821 700 878 πρώτη;
760 823 806 864 of
854 823 916 877 (4.)
966 837 1027 864 we
1080 823 1190 863 have
1242 823 1297 864 τὰ
1345 822 1573 875 ἐπιτήδεια
1613 827 1691 865 τοῦ

77 891 283 944 σώματος
324 891 365 932 ii.
406 894 472 940 16,
514 890 589 932 τὸν
631 889 793 948 τροχὸν
835 893 912 942 τῆς
953 889 1165 943 γενέσεως
1207 889 1265 931 iii.
1304 891 1341 939 6,
1382 889 1407 941 ἡ
1446 889 1578 945 φιλία
1613 893 1692 931 τοῦ

77 958 246 1011 κόσμου
278 958 330 999 iv.
364 960 402 1008 4,
433 958 458 1010 ἡ
490 956 599 1012 ὁρμὴ
629 959 706 998 τοῦ
739 956 995 1001 εὐθύνοντος
1028 956 1085 998 iii.
1113 959 1150 998 4.
1213 955 1304 997 The
1335 956 1448 997 loose
1477 961 1691 998 construc-

76 1025 168 1066 tion
199 1025 263 1079 (4)
296 1025 332 1066 is
364 1039 481 1066 more
517 1024 643 1066 usual
679 1024 786 1064 than
819 1023 894 1064 the
926 1029 1121 1078 compact
1150 1023 1214 1077 (1)
1252 1022 1297 1063 in
1334 1022 1398 1064 St.
1425 1022 1573 1064 James
1609 1023 1692 1063 and

75 1092 151 1133 the
187 1092 292 1134 N.T.
326 1091 555 1147 generally,
585 1090 811 1145 especially
842 1090 981 1131 where
1011 1105 1035 1131 a
1071 1104 1266 1145 pronoun
1303 1090 1339 1131 is
1372 1090 1618 1138 concerned,
1648 1105 1692 1131 as

77 1158 127 1201 τὸ
159 1158 289 1204 ἄνθος
323 1159 472 1209 αὐτοῦ,
508 1158 552 1200 ἐν
583 1159 643 1213 τῷ
675 1158 785 1214 ὕψει
818 1158 955 1199 αὐτοῦ
988 1158 1107 1212 (very
1138 1157 1273 1212 rarely
1306 1157 1381 1198 the
1414 1162 1620 1211 compact,
1648 1171 1693 1197 as

76 1226 120 1266 in
149 1226 174 1267 i.
209 1229 262 1267 18
292 1227 378 1268 τῶν
410 1226 547 1267 αὐτοῦ
579 1224 866 1277 κτισμάτων,1
900 1224 1010 1265 Phil.
1042 1225 1085 1267 ii.
1115 1226 1169 1266 30
1200 1223 1249 1265 τὸ
1274 1224 1393 1276 ὑμῶν
1424 1222 1692 1277 ὑστέρημα);

77 1292 323 1334 sometimes
344 1292 419 1333 the
441 1306 533 1345 gen.
558 1291 770 1346 precedes,
795 1306 840 1332 as
862 1291 906 1331 in
928 1291 988 1332 iii.
1015 1293 1039 1332 3
1062 1293 1149 1333 τῶν
1174 1289 1323 1332 ἵππων
1345 1290 1445 1335 τοὺς
1466 1289 1692 1347 χαλινούς.Υ

77 1375 114 1401 v.
145 1361 198 1399 12
231 1358 321 1411 ἤτω
355 1359 471 1411 ὑμῶν
508 1357 557 1400 τὸ
595 1357 663 1400 ναὶ
697 1358 780 1404 ναί,
820 1361 840 1398 1
881 1358 989 1399 Tim.
1027 1358 1082 1399 iv.
1118 1360 1171 1398 14
1211 1356 1280 1399 ἵνα
1312 1374 1395 1398 σου
1427 1357 1452 1409 ἡ
1486 1356 1692 1412 προκοπὴ

79 1424 247 1482 φανερὰ
268 1424 306 1480 ᾗ
367 1425 458 1466 The
480 1425 592 1466 loose
614 1424 903 1466 construction
925 1424 1012 1465 also
1035 1424 1217 1478 prevails
1246 1424 1292 1464 in
1312 1424 1413 1477 long
1434 1438 1479 1463 or
1500 1422 1693 1477 complex

78 1493 262 1548 phrases,
285 1492 335 1533 cf.
365 1492 419 1533 iv.
443 1494 464 1532 1
497 1493 583 1533 τῶν
614 1491 778 1543 ἡδονῶν
805 1493 891 1533 τῶν
921 1490 1280 1545 στρατευομένων
1306 1490 1351 1532 ἐν
1383 1493 1475 1535 τοῖς
1500 1489 1695 1542 μέλεσιν,

79 1559 218 1600 where
255 1558 329 1599 the
364 1573 479 1599 more
516 1558 736 1599 idiomatic
770 1558 878 1598 form
912 1557 1052 1598 would
1090 1557 1198 1598 have
1239 1557 1346 1598 been
1390 1558 1476 1598 τῶν
1517 1556 1562 1597 ἐν
1604 1558 1694 1600 τοῖς

79 1624 262 1678 μέλεσιν
294 1624 654 1679 στρατευομένων
682 1624 858 1676 ἡδονῶν,
888 1624 971 1664 and
1001 1624 1027 1665 i.
1051 1626 1073 1665 5
1099 1622 1220 1678 παρὰ
1251 1626 1328 1665 τοῦ
1358 1621 1550 1668 διδόντος
1580 1623 1695 1664 Θεοῦ

80 1694 222 1733 πᾶσιν
251 1691 418 1740 ἁπλῶς,
441 1691 582 1732 where
611 1706 673 1732 we
700 1691 839 1746 might
866 1690 973 1731 have
1000 1691 1207 1745 expected
1236 1690 1375 1731 either
1403 1708 1449 1731 π.
1473 1692 1550 1731 τοῦ
1580 1690 1695 1730 Θεοῦ

81 1760 159 1799 τοῦ
182 1759 323 1799 πᾶσιν
345 1757 501 1802 ἁπλῶς
524 1756 728 1805 διδόντος,
751 1772 796 1797 or
818 1775 863 1799 π.
887 1758 964 1798 τοῦ
987 1759 1128 1799 πᾶσιν
1151 1757 1307 1802 ἁπλῶς
1334 1755 1526 1801 διδόντος
1559 1756 1697 1797 Θεοῦ;

80 1839 124 1865 so
147 1825 171 1865 i.
195 1827 220 1865 3
243 1822 292 1865 τὸ
315 1823 512 1876 δοκίμιον
536 1824 653 1876 ὑμῶν
676 1828 752 1876 τῆς
775 1824 971 1869 πίστεως
1000 1823 1141 1878 might
1167 1824 1275 1864 have
1304 1823 1412 1864 been
1442 1837 1557 1864 more
1583 1837 1695 1863 com-

80 1891 224 1945 pactly
240 1891 464 1944 expressed
483 1889 532 1931 τὸ
555 1894 632 1942 τῆς
656 1890 850 1936 πίστεως
873 1890 991 1943 ὑμῶν
1008 1890 1216 1942 δοκίμιον.
1278 1889 1481 1931 Classical
1501 1888 1697 1944 parallels

82 1957 167 1996 will
188 1956 241 1997 be
258 1956 390 1997 found
413 1956 457 1996 in
474 1957 549 1998 the
567 1963 666 1998 note
685 1972 738 1998 on
756 1957 782 1998 i.
801 1960 837 1998 ὅ.
891 1957 969 1997 We
987 1956 1076 1997 find
1099 1957 1173 1998 the
1196 1963 1390 2011 compact
1408 1955 1697 1996 construction

81 2023 276 2064 however
297 2024 342 2063 in
360 2023 417 2065 iii.
434 2026 458 2065 9
478 2024 578 2069 τοὺς
601 2024 697 2065 καθ’
721 2023 933 2076 ὁμοίωσιν
957 2025 1072 2065 Θεοῦ
1095 2023 1332 2077 γεγονότας
1350 2023 1434 2063 and
1452 2022 1698 2077 frequently

81 2091 126 2130 in
148 2089 252 2130 both
274 2090 462 2144 Epistles
484 2091 531 2131 of
558 2090 695 2140 Peter,
719 2105 764 2131 as
787 2091 831 2130 in
853 2091 927 2131 the
951 2090 1066 2131 First
1096 2091 1122 2131 i.
1148 2092 1199 2131 14
1223 2092 1320 2135 ταῖς
1343 2088 1555 2143 πρότερον
1577 2088 1622 2129 ἐν
1645 2090 1696 2141 τῇ

82 2155 239 2213 ἀγνοίᾳ
269 2156 387 2208 ὑμῶν
416 2156 682 2209 ἐπιθυμίαις,
712 2157 754 2198 ii.
785 2160 809 2198 9
845 2160 922 2198 τοῦ
960 2157 1008 2198 ἐκ
1046 2156 1232 2202 σκότους
1268 2157 1378 2209 ὑμᾶς
1408 2154 1697 2199 καλέσαντος,

84 2222 124 2262 ii.
159 2225 211 2262 15
245 2222 325 2273 τὴν
353 2224 440 2264 τῶν
465 2222 670 2278 ἀφρόνων
702 2222 947 2278 ἀνθρώπων
973 2223 1210 2277 ἀγνωσίαν,
1240 2223 1296 2264 iii.
1329 2225 1353 2263 2
1383 2222 1462 2274 τὴν
1493 2222 1539 2263 ἐν
1568 2219 1698 2277 φόβῳ

84 2288 216 2341 ἁγίαν
247 2287 534 2344 ἀναστροφὴν
568 2290 697 2342 ὑμῶν,
728 2305 765 2331 V.
800 2293 821 2330 1
858 2288 878 2331 ὁ
916 2291 990 2331 καὶ
1030 2293 1107 2342 τῆς
1144 2289 1400 2343 μελλούσης
1433 2286 1700 2331 ἀποκαλύπ-

85 2354 243 2396 τεσθαι
266 2353 396 2408 δόξης
420 2355 647 2401 κοινωνός;
689 2357 732 2396 in
755 2356 829 2397 the
861 2357 1027 2398 Second
1055 2358 1080 2398 i.
1107 2359 1131 2397 4
1155 2360 1231 2409 τῆς
1255 2357 1299 2398 ἐν
1321 2357 1381 2411 τῷ
1405 2355 1556 2410 κόσμῳ
1579 2354 1624 2396 ἐν
1647 2356 1699 2407 τῇ

85 2421 298 2478 ἐπιθυμία
321 2422 500 2477 φθορᾶς,
522 2423 565 2463 ii.
590 2422 613 2465 'T
638 2427 713 2476 τῆς
743 2425 830 2465 τῶν
859 2423 1066 2476 ἀθέσμων
1087 2423 1133 2465 ἐν
1154 2423 1371 2481 ἀσελγείᾳ
1403 2422 1699 2476 ἀναστροφῆς,

85 2488 126 2528 ii.
152 2489 205 2529 10
229 2487 328 2533 τοὺς
352 2487 498 2530 ὀπίσω
522 2489 686 2544 σαρκὸς
709 2490 754 2532 ἐν
776 2490 990 2548 ἐπιθυμία
1010 2493 1207 2543 μιασμοῦ
1231 2489 1560 2543 πορευομένους.

146 2554 190 2594 If
215 2569 277 2595 we
303 2555 408 2596 wish
437 2562 481 2596 to
508 2556 767 2611 distinguish
796 2557 871 2598 the
904 2556 1057 2598 shades
1087 2557 1134 2597 of
1164 2556 1366 2611 meaning
1402 2554 1624 2608 attaching
1657 2559 1699 2593 to

87 2620 208 2661 these
242 2620 440 2663 different
482 2623 628 2664 modes
669 2623 712 2663 of
752 2623 990 2678 qualifying
1029 2623 1105 2664 the
1143 2638 1270 2667 noun,
1308 2623 1372 2676 (1)
1414 2622 1590 2662 denotes
1627 2618 1700 2659 the

89 2686 192 2726 final
220 2691 338 2741 stage
367 2688 412 2728 of
435 2688 625 2744 thought
651 2689 707 2744 by
733 2689 872 2730 which
901 2689 975 2730 the
1002 2689 1169 2744 subject
1197 2689 1233 2730 is
1262 2688 1485 2730 combined
1514 2686 1619 2726 with
1646 2685 1701 2724 its

91 2751 380 2806 qualification
401 2768 445 2794 so
468 2769 512 2795 as
534 2760 578 2796 to
600 2755 708 2796 form
731 2770 810 2797 one
832 2771 926 2797 new
948 2756 1144 2811 complex
1167 2755 1330 2810 subject
1347 2771 1356 2806 3
1399 2754 1458 2808 (2)
1487 2753 1605 2807 gives
1627 2750 1700 2791 the

133 2829 145 2847 1
170 2829 249 2860 This
274 2829 381 2861 shows
405 2831 483 2863 that
506 2833 546 2864 A.
576 2833 775 2871 Buttmann,
804 2844 835 2875 p.
865 2835 927 2865 102
961 2833 1064 2873 (cited
1095 2833 1132 2864 in
1159 2833 1276 2864 Winer
1300 2843 1331 2873 p.
1361 2833 1422 2863 193
1447 2831 1507 2868 η),
1536 2829 1564 2859 is
1588 2838 1702 2869 wrong

90 2873 130 2921 in·
144 2872 197 2903 his
213 2872 408 2913 limitation,
434 2875 522 2907 ‘The
544 2876 709 2908 insertion
726 2877 761 2907 of
782 2877 841 2908 ’the
865 2877 1019 2918 persona]
1043 2887 1197 2918 pronoun
1221 2886 1335 2907 occurs
1358 2876 1393 2906 in
1419 2873 1502 2905 Paul
1525 2872 1616 2913 only,
1636 2872 1702 2902 and

93 2915 518 2992 ffifflllegffnogljlifflogmnmm
535 2919 620 2950 than
638 2920 747 2958 ὑμῶν]
795 2920 844 2951 Cf.
866 2920 935 2951 also
955 2923 969 2951 1
989 2920 1063 2952 Joh.
1087 2920 1120 2951 ii.
1143 2922 1182 2953 27
1202 2921 1240 2951 τὸ
1265 2921 1364 2950 αὐτοῦ
1390 2917 1524 2958 χρίσμα,
1547 2918 1562 2947 1
1582 2915 1641 2946 Th.
1663 2915 1697 2946 ii.

137 2985 143 2999 ,
253 2985 258 2991 .
322 2984 363 2991 .-
393 2984 400 2991 .
