1974 3298
543 191 727 227 INDEX
757 191 824 228 ΤΟ
854 192 1048 229 GREEK
1079 193 1276 230 WORDS
1637 192 1711 231 247

896 351 931 384 Π

111 461 248 498 πάλιν.
243 474 248 480 ·
278 474 313 498 V.
341 462 388 497 18
409 462 523 499 πάλιν
543 461 795 510 προσηύξατο.

112 515 235 564 παρά;
265 529 293 551 6.
314 528 397 561 qen.
420 515 443 553 i.
469 516 491 551 5
514 516 657 553 αἰτείτω
677 516 778 564 παρὰ
797 517 863 552 τοῦ
883 514 1046 555 διδόντος
1060 518 1166 559 Θεου,
1189 517 1212 553 1.
1237 516 1259 554 7
1276 517 1470 567 λήμψεταί
1478 534 1513 555 τι
1532 516 1633 565 παρὰ
1653 518 1719 553 τοῦ

221 569 384 617 Κυρίου,
404 583 433 606 6.
455 569 535 606 dat.
558 569 582 606 1.
609 568 656 607 17
676 568 762 618 παρ’
787 566 814 618 ᾧ
834 570 900 606 οὐκ
921 569 971 606 ἔνι
991 571 1233 630 παραλλαγή,
1256 571 1280 607 1.
1306 570 1354 608 27
1377 570 1556 621 θρησκεία
1576 570 1719 619 καθαρὰ

219 623 320 671 παρὰ
338 625 388 673 τῷ
407 625 495 673 Θεῷ.
555 623 627 660 See
649 636 711 672 pp.
733 635 788 666 cc,
809 623 878 667 cci,
899 623 1023 660 ccxvi

111 676 334 726 παραβάτης
352 690 358 712 ῑ
398 676 437 713 11.
475 678 496 713 9
534 677 774 728 ἐλεγχόμενοι
803 678 849 717 ὡς
882 677 1112 726 παραβάται,
1146 678 1186 714 11.
1226 678 1269 713 11
1309 678 1466 728 γέγονας
1498 681 1718 730 παραβάτης

220 730 343 779 νόμου.

111 784 338 834 παρακύπτω
358 797 364 820 :
394 784 419 821 1.
444 783 491 820 25
515 785 534 822 ὁ
555 783 593 821 δὲ
612 784 834 834 παρακύψας
853 785 903 824 εἷς
923 784 1049 833 νόμον.

111 852 140 875 6.
162 838 393 888 παραλλαγή
409 851 416 874 2
448 837 496 876 17
517 839 747 888 παραλλαγὴ
766 836 790 886 ἦ
809 840 949 887 τροπῆς
969 838 1229 887 ἀποσκίασμα.

111 892 411 942 παραλογίζομαι
428 905 434 928 2
463 892 487 929 1.
512 893 561 928 22
582 892 920 942 παραλογιζόμενοι
940 892 1100 932 ἑαυτούς.

111 946 332 995 παραμένωῑ
362 946 386 982 1.
411 945 497 981 25
482 963 502 984 ο
522 947 743 995 παρακύψας
763 946 823 983 καὶ
849 946 1087 994 παραμείνας.

111 1013 139 1037 e.
161 1000 396 1049 παράπτωμα
410 998 479 1049 (Ἱ.);
509 1012 545 1036 V.
582 1000 630 1036 16
659 1000 951 1050 ἐξομολογεῖσθε
977 1000 1163 1048 ἀλλήλοις
1190 1001 1236 1038 τὰ
1265 1001 1547 1050 παραπτώματα
1568 1001 1632 1052 (αἶ.
1655 1004 1720 1044 τὰς

219 1053 426 1103 ἁμαρτίας).

111 1107 345 1158 παρέρχομαι
365 1121 371 1144 :
400 1108 424 1143 i.
451 1107 498 1143 10
520 1108 567 1147 ὡς
587 1107 698 1146 ἄνθος
716 1106 855 1156 χόρτου
875 1107 1159 1157 παρελεύσεται.

110 1162 299 1210 παρουσία
318 1175 324 1197 :
354 1173 390 1197 V.
415 1161 436 1198 7
460 1161 524 1201 ἕως
542 1163 608 1210 τῆς
626 1161 835 1210 παρουσίας
854 1163 920 1199 τοῦ
940 1162 1093 1211 Κυρίου,
1114 1174 1152 1198 V.
1176 1162 1199 1197 8
1221 1162 1244 1210 ἡ
1264 1163 1453 1211 παρουσία
1481 1165 1547 1201 τοῦ
1578 1165 1718 1214 Κυρίου

218 1215 379 1265 ἤγγικεν.

111 1272 206 1309 πᾶςῑ
235 1269 259 1305 1.
283 1269 305 1304 2
326 1271 454 1306 πᾶσαν
472 1270 592 1319 χαρὰν
610 1269 823 1336 ἡγήσασθε,
846 1268 882 1312 5,
905 1268 1200 1313 8,1’7,19,2,1
1218 1269 1412 1313 11.10,111’.
1438 1270 1472 1315 7,
1499 1272 1559 1315 16,
1577 1272 1629 1308 iV.
1657 1273 1716 1315 16,

219 1336 254 1360 v.
282 1323 328 1358 12
358 1323 431 1371 πρὸ
459 1323 605 1360 πάντων
632 1323 685 1372 μὴ
706 1323 867 1371 ὀμνύετε.
927 1323 1000 1360 See
1020 1336 1083 1372 pp.
1106 1323 1235 1368 cxciii,
1256 1324 1381 1361 cxciv.

110 1377 259 1426 πατήρ.
289 1375 388 1414 1.17
409 1377 531 1426 πατὴρ
560 1379 632 1414 τῶν
661 1377 804 1425 φώτων,
826 1377 851 1414 1.
875 1376 924 1414 27
945 1379 996 1427 τῷ
1014 1379 1094 1428 Θεῷ
1114 1377 1173 1414 καὶ
1194 1378 1329 1427 Πατρί,
1351 1379 1389 1416 11.
1414 1379 1459 1415 21
1492 1377 1668 1429 Ἀβραὰμ
1697 1381 1717 1418 ὃ

218 1431 342 1479 πατὴρ
361 1432 475 1479 ἡμῶν,
496 1430 551 1467 111.
575 1431 596 1466 9
621 1431 846 1481 εὐλογοῦμεν
866 1431 930 1468 τὸν
949 1431 1091 1480 Κύριον
1112 1432 1172 1469 καὶ
1192 1432 1354 1481 Πατέρα.

110 1485 224 1523 πείθω
244 1498 251 1521 2
282 1485 335 1521 111.
361 1485 394 1521 3.
419 1487 468 1525 εἷς
488 1484 531 1522 τὸ
551 1485 745 1523 πείθεσθαι
765 1485 897 1525 αὐτοὺς
915 1486 1014 1533 ἡμῖν.

110 1539 345 1589 πειράζωῑ1.
383 1539 430 1575 13
465 1538 592 1588 μηδεὶς
621 1539 882 1606 πειραζόμενος
911 1539 1051 1589 λεγέτω
1085 1539 1141 1577 ὅτι
1175 1540 1247 1577 ἀπὸ
1277 1542 1373 1577 Θεοῦ
1406 1541 1657 1590 πειράζομαι.
1665 1540 1717 1592 .(ὂ

219 1591 326 1640 Θεὸς)
347 1593 509 1642 πειράζει
529 1592 700 1636 οὐδένα,
690 1606 714 1629 1.
740 1593 828 1629 14”
812 1610 968 1634 εκαστος
987 1594 1231 1643 πειράζεταιε
1215 1594 1285 1632 υπὸ
1305 1596 1370 1643 τῆς
1392 1594 1483 1634 ἷδιας
1512 1596 1713 1644 ἐπιθυμίας.

109 1660 138 1684 e.
161 1647 394 1696 πειρασμόςῑ
428 1646 452 1683 1.
486 1648 507 1683 2
539 1647 627 1684 ὅταν
655 1649 877 1696 πειρασμοῖς
909 1648 1135 1697 περιπέσητε
1167 1650 1362 1692 ποικιλοις,
1393 1648 1504 1685 1.12
1539 1650 1718 1699 μακάριος

219 1701 311 1750 ἀνὴρ
331 1700 370 1740 ὃς
389 1701 561 1750 υπομένει
579 1701 797 1750 πειρασμόν.

109 1755 250 1793 πενθέω
268 1769 274 1791 :
304 1754 356 1792 iv.
381 1755 402 1791 9
423 1754 634 1803 πενθήσατε
655 1755 714 1792 καὶ
734 1755 934 1792 κλαύσατε.

110 1809 243 1848 πένθος
262 1821 268 1844 :
297 1809 350 1846 iv.
374 1809 395 1845 9
418 1810 438 1846 ὁ
457 1808 577 1859 γέλως
595 1810 694 1857 ὑμῶν
714 1811 764 1849 εἷς
782 1809 916 1849 πένθος
933 1810 1214 1858 μετατραπήτω.

111 1863 318 1912 περιπίπτω
338 1876 344 1898 :
374 1862 396 1900 i.
423 1864 444 1898 2
475 1862 564 1900 ὅταν
592 1865 814 1912 πειρασμοῖς
842 1864 1067 1912 περιπέσητε
1086 1864 1291 1903 ποικίλοιςε
1322 1863 1372 1901 Cf.
1397 1864 1525 1913 Epicb.
1548 1865 1670 1903 Euesa..
1694 1867 1715 1902 2

220 1916 373 1966 ὀρέξεως
402 1917 608 1967 ἐπαγγελία
632 1917 801 1968 ἐπιτυχία
827 1916 869 1954 οὗ
896 1917 1020 1968 ὀρέγῃ,
1043 1918 1243 1958 ἐκκλίσεως
1263 1919 1469 1969 ἐπαγγελία
1488 1919 1530 1957 τὸ
1549 1920 1602 1969 μὴ
1621 1937 1718 1969 περι-

219 1973 351 2008 πεσεῖν
370 1971 492 2021 ἐκείνῳ
513 1970 532 2008 ὃ
552 1969 770 2008 ἐκκλίνεται.

110 2038 138 2062 e.
161 2025 361 2074 περισσεία
381 2038 387 2061 3
416 2025 440 2062 1.
465 2025 512 2061 21
536 2028 663 2063 πᾶσαν
681 2025 863 2074 ῥυπαρίαν
882 2025 942 2063 καὶ
961 2026 1181 2075 περισσείαν
1201 2027 1338 2066 κακίας.

111 2079 274 2119 πετεινός
292 2092 299 2115 1
329 2079 383 2115 iii.
408 2078 430 2116 7
451 2082 558 2116 πᾶσα
579 2080 695 2128 φύσις
714 2079 849 2128 θηρίων
867 2096 908 2117 τε
928 2080 988 2117 καὶ
1008 2083 1181 2118 πετεινῶν
1201 2080 1410 2129 δαμάζεται.

111 2133 214 2183 πηγή
230 2146 237 2169 2
266 2133 321 2170 111.
346 2133 390 2169 11
414 2133 504 2182 μήτι
523 2134 546 2182 ἡ
566 2134 668 2182 πηγὴ
687 2133 796 2183 βρύει
815 2134 858 2171 τὸ
873 2134 1017 2184 γλυκύ,·

111 2186 294 2236 πηδάλιον
311 2200 318 2223 2
347 2187 402 2223 111.
426 2187 449 2223 4
469 2188 516 2225 τὰ
536 2189 652 2225 πλοῖα
670 2188 870 2238 μετάγεται
890 2188 960 2225 ὑπὸ
981 2188 1186 2239 ἐλαχίστου
1205 2187 1401 2237 πηδαλίου.

111 2255 140 2278 6.
163 2241 318 2290 πικρός·
348 2241 404 2278 111.
430 2241 474 2277 11
500 2242 543 2279 τὸ
563 2241 682 2292 γλυκὺ
703 2242 763 2279 καὶ
781 2242 824 2279 τὸ
843 2242 985 2292 πικρόν,
1006 2242 1061 2279 111.
1087 2242 1136 2278 14
1157 2245 1272 2292 ζῆλον
1290 2243 1432 2292 πικρόν.

113 2295 259 2333 πίπτω;
289 2308 325 2333 V
353 2295 399 2331 12
423 2295 481 2333 ἵνα
499 2296 552 2344 μὴ
571 2295 642 2333 υπὸ
663 2296 763 2345 κρίσ·
753 2313 786 2333 ν
804 2296 961 2364 πέσητε.

112 2349 301 2388 πιστέυω.
295 2362 301 2369 ·
331 2349 371 2386 11.
397 2350 443 2386 19
465 2349 515 2387 σὺ
534 2350 720 2390 πιστεύεις
736 2350 792 2387 ὅτι
812 2349 862 2390 εἷς
882 2350 986 2388 ἐστὶν
1005 2351 1025 2388 ὁ
1037 2350 1260 2397 Θεός,...καὶ
1278 2351 1325 2388 τὰ
1345 2350 1513 2399 δαιμόνια
1528 2352 1720 2390 πιστεύου-

221 2420 294 2447 σιν,
315 2403 354 2439 11.
379 2404 428 2440 23
451 2404 672 2441 ἐπίστευσεν
692 2403 730 2441 δὲ
750 2403 927 2453 Ἀβραὰμ
946 2407 996 2455 τῷ
1015 2407 1105 2455 Θεῷ.

112 2457 265 2497 πίστιςῑ
296 2457 320 2493 1.
345 2458 366 2493 3
388 2457 431 2494 τὸ
451 2457 618 2507 δοκίμιον
636 2460 701 2507 τῆς
719 2458 891 2502 πίστεως,
912 2459 937 2495 1.
962 2459 982 2494 6
1014 2459 1157 2496 αἰτείτω
1187 2458 1224 2496 δὲ
1246 2461 1283 2496 ἐν
1315 2459 1452 2503 πίστει,
1475 2459 1514 2496 11.
1541 2460 1558 2496 1
1595 2461 1647 2509 μὴ
1682 2463 1719 2498 ἐν

221 2512 586 2562 προσωπολημψίαις
606 2512 708 2562 ἔχετε
727 2513 795 2561 τὴν
813 2513 952 2556 πίστιν,
974 2513 1013 2549 11.
1037 2512 1059 2549 5
1081 2513 1287 2553 πλουσίους
1307 2516 1345 2551 ἐν
1363 2514 1500 2556 πίστει,
1522 2514 1560 2550 11.
1587 2515 1635 2550 14
1657 2515 1718 2552 ἐὰν

221 2565 350 2603 πίστιν
364 2565 458 2616 λέγῃ
472 2583 526 2606 τις
546 2566 689 2616 ἔχειν...
696 2567 749 2615 μὴ
769 2566 957 2604 δύναται
939 2583 961 2614 η
981 2567 1109 2607 πίστις
1128 2570 1251 2605 σῶσαι
1271 2567 1405 2611 αὐτόν,·
1424 2568 1463 2604 11.
1483 2566 1568 2605 17
1550 2585 1573 2617 η
1593 2569 1719 2608 πίστις

222 2618 343 2668 νεκρά,
364 2619 404 2656 11.
430 2620 478 2656 18
510 2619 559 2657 σὺ
591 2620 721 2658 πίστιν
750 2620 875 2671 ἔχεις..
886 2620 1019 2665 ,δεῖξον
1047 2638 1078 2658 τ.
1101 2621 1231 2659 πίστιν
1258 2622 1371 2671 χωρὶς
1403 2638 1434 2659 τ.
1471 2622 1586 2672 ἔργων
1619 2639 1719 2673 καγω

168 2706 172 2710 .
225 2672 365 2717 δειξω’
350 2690 389 2710 εκ
407 2676 478 2711 τῶν
499 2690 615 2724 εργων
632 2691 705 2723 μου
732 2691 763 2712 τ.
785 2675 925 2718 πίστιν,
946 2674 985 2711 11.
1010 2676 1059 2711 20
1089 2692 1126 2712 π.
1150 2675 1257 2725 ἀργή,
1279 2675 1317 2711 11.
1342 2676 1390 2711 22
1420 2676 1443 2724 ἡ
1471 2693 1510 2712 π.
1545 2677 1719 2727 συνήργει

222 2744 254 2764 τ.
292 2727 442 2777 ἔργοις.
454 2730 508 2765 ,ἐκ
541 2744 572 2765 τ.
611 2728 727 2779 ἔργων
755 2730 779 2777 ἡ
813 2746 850 2766 π.
889 2729 1094 2777 ἐτελειώθη,
1117 2729 1158 2766 11.
1181 2729 1231 2765 24
1253 2746 1318 2766 ουκ
1348 2732 1387 2766 ἐκ
1415 2730 1576 2769 πίστεως
1603 2731 1718 2778 μόνον

225 2779 426 2830 ἐδικαιώθη,
447 2781 488 2818 11.
512 2782 560 2818 26
584 2782 608 2830 ἡ
627 2799 665 2819 π.
688 2783 801 2833 χωρὶς
822 2783 938 2833 ἔργων
957 2784 1077 2832 νεκρά,
1099 2796 1135 2820 V.
1162 2783 1208 2819 15
1230 2784 1252 2831 ἡ
1274 2783 1363 2833 εὐχὴ
1382 2785 1447 2832 τῆς
1465 2783 1635 2824 πίστεως.

115 2835 294 2872 πλανάωέ
324 2835 350 2871 1.
374 2835 421 2872 16
442 2836 495 2884 μὴ
515 2837 724 2880 πλανᾶσθε,
746 2850 782 2875 V.
809 2837 856 2873 19
879 2837 941 2874 ἐάν
959 2854 1014 2877 τις
1033 2837 1207 2886 πλανηθῇ
1228 2837 1300 2874 ἀπὸ
1319 2839 1384 2886 τῆς
1403 2838 1587 2886 ἀληθείας.

115 2889 241 2938 πλάνη
260 2902 267 2925 :
296 2901 332 2926 V.
357 2890 406 2926 20
428 2890 447 2927 ὁ
470 2890 697 2940 ἐπιστρέψας
717 2891 938 2939 ἁμαρτωλὸν
959 2893 997 2928 ἐκ
1017 2892 1159 2939 πλάνης
1181 2890 1267 2929 ὁδοῦ
1287 2893 1407 2928 αὑτοῦ.
