1974 3298
247 181 323 217 242
680 175 867 212 INDEX
894 174 961 211 ΤΟ
991 174 1184 211 GREEK
1213 173 1413 211 WORDS

245 284 376 321 Ἰσαάκ
393 296 399 318 :
429 282 469 318 ii.
494 282 540 318 21
564 280 757 330 ἀνενέγκας
777 277 906 316 Ἰσαὰκ
925 278 989 316 τὸν
1007 279 1084 316 υἱὸν
1103 280 1215 316 αὐτοῦ
1235 278 1295 315 ἐπὶ
1313 277 1356 315 τὸ
1378 278 1654 327 θυσιαστήριον.

247 338 378 385 ἵστημι
396 350 402 372 2
433 335 474 372 ii.
496 336 518 371 3
540 335 589 372 σὺ
609 334 721 382 στῆθι
740 334 823 376 ἐκεῖ,
843 345 880 368 V.
904 332 926 368 9
950 331 1037 376 ἰδοὺ,
1059 333 1079 369 ὁ
1099 333 1223 381 κριτὴς
1241 331 1313 380 πρὸ
1332 334 1403 369 τῶν
1423 332 1540 380 θυρῶν
1559 332 1722 380 ἕστηκεν.

248 391 367 441 ἰσχύω
384 403 390 425 :
420 402 455 425 V.
482 389 529 425 16
550 387 649 425 πολὺ
670 387 792 437 ἰσχύει
812 385 936 434 δέησις
955 385 1095 423 δικαίου
1115 385 1366 436 ἐνεργουμένη.

245 444 337 492 Ἰώβ
355 457 361 479 :
391 456 426 479 V.
452 443 495 479 11
519 442 586 491 τὴν
605 441 794 490 ὑπομονὴν
814 438 904 487 Ἰὼβ
923 440 1118 488 ἠκούσατε.

1035 568 1071 601 Κ

254 659 375 710 κᾶγώ;
405 657 444 694 ii.
471 657 519 693 18
541 656 607 693 bis.
643 656 715 692 See
734 667 770 703 p.
792 654 937 691 clxxxi.

251 727 278 750 e.
303 712 508 761 καθαρίζωῑ
537 710 590 747 iV.
614 710 637 746 8
659 708 885 757 καθαρίσατε
903 710 1030 759 χεῖρας
1049 706 1275 756 ἁμαρτωλοί.

255 766 413 815 καθαρός
431 778 438 801 :
468 765 492 801 1.
517 763 566 802 27
588 763 767 812 θρησκεία
787 762 929 811 καθαρὰ
949 762 1009 799 καὶ
1029 762 1213 810 ἀμίαντος.

256 821 417 868 κάθημαι
435 832 441 855 :
472 819 511 855 11.
536 819 558 854 3
580 817 629 855 σὺ
642 817 756 855 κάθου
776 815 842 853 ὧδε
862 818 991 855 καλῶς.

257 874 480 922 καθίστημιῑ
509 872 565 909 iii.
589 872 611 907 6
633 871 746 910 οὕτως
765 871 787 918 ἡ
806 872 968 920 γλῶσσα
1007 869 1230 907 καθίσταται
1250 871 1288 905 ἐν
1306 869 1383 907 τοῖς
1415 868 1582 916 μέλεσιν,
1602 869 1655 906 iV.
1677 869 1701 906 4
1722 869 1854 920 ἐχθρὸς

364 929 430 965 τοῦ
449 927 533 964 θεοῦ
553 925 782 963 καθίσταται.

259 982 322 1019 καί
336 995 342 1018 :
374 980 401 1031 (ί
415 980 519 1023 αἷ8ο,’
539 992 661 1016 never
684 982 692 998 ‘
705 991 795 1015 even
811 976 839 1025 ⁷)
859 977 883 1014 1.
910 978 953 1013 11
979 977 1092 1016 οὕτως
1116 976 1175 1013 καὶ
1202 977 1222 1013 ὃ
1251 976 1436 1014 πλούσιος
1453 977 1745 1026 μαρανθήσεται,
1766 977 1805 1014 11.
1831 978 1853 1013 2

366 1034 517 1084 εἰσέλθῃ
551 1033 589 1070 δὲ
622 1032 681 1069 καὶ
700 1031 857 1082 πτωχός,
878 1031 917 1067 11.
948 1031 992 1066 11
1028 1031 1047 1067 ὁ
1077 1031 1149 1080 γὰρ
1180 1031 1290 1067 εἰπὼν
1323 1029 1391 1077 Μὴ
1422 1031 1637 1080 μοιχεύσης,
1666 1030 1765 1068 εἶπεν
1795 1031 1856 1068 καὶ

366 1089 433 1137 Μὴ
447 1088 643 1137 φονεύσης,
665 1086 705 1122 11.
744 1084 805 1129 17,
827 1085 874 1120 26
897 1085 1010 1123 οὕτως
1029 1084 1089 1121 καὶ
1108 1085 1130 1131 ἡ
1149 1084 1284 1127 πίστις,
1306 1083 1344 1120 ii.
1372 1083 1418 1118 19
1441 1084 1501 1120 καὶ
1519 1085 1564 1121 τὰ
1585 1084 1754 1133 δαίμονια
1772 1101 1856 1122 πισ-

365 1143 546 1185 τεύουσιν,
578 1141 617 1176 ii.
655 1139 703 1175 25
736 1139 869 1188 ὁμοίως
882 1138 919 1175 δὲ
939 1138 1000 1174 καὶ
1018 1136 1150 1184 Ῥαάβ,
1172 1137 1226 1174 111.
1250 1138 1272 1173 2
1293 1136 1444 1176 δυνατὸς
1461 1140 1769 1188 χαλιναγωγῆσαι
1797 1138 1857 1175 καὶ

368 1197 458 1233 ὅλον
476 1195 519 1232 τὸ
547 1197 668 1242 σῶμα,
689 1193 743 1229 111.
782 1192 805 1228 4
841 1191 917 1229 ἰδοὺ
938 1192 998 1228 καὶ
1016 1192 1063 1228 τὰ
1081 1193 1208 1234 πλοῖα,
1229 1191 1281 1227 iii.
1305 1191 1328 1226 5
1350 1192 1463 1230 οὕτως
1483 1192 1543 1229 καὶ
1562 1193 1584 1240 ἡ
1603 1195 1775 1242 γλῶσσα,
1798 1192 1854 1228 iii,

370 1250 418 1286 14
449 1249 571 1285 ἔπειτα
600 1247 660 1284 καὶ
688 1245 948 1294 ἀφανιζομένη,
970 1258 1005 1281 V.
1030 1246 1052 1280 8
1083 1244 1397 1293 μακροθυμήσατε
1426 1245 1486 1282 καὶ
1519 1247 1629 1294 ὑμεῖς.
1688 1246 1857 1294 Joining

368 1315 482 1339 cause
510 1302 588 1338 and
618 1301 732 1337 effec'o
753 1299 869 1349 (with
897 1298 1150 1348 imperative)
1170 1298 1194 1334 i.
1218 1298 1240 1334 5
1271 1299 1415 1336 αἰτείτω
1446 1299 1507 1336 καὶ
1526 1299 1735 1348 δοθήσεται,
1758 1299 1809 1336 iv.
1834 1299 1855 1336 7

368 1357 563 1404 ἀντίστητε
584 1355 644 1392 καὶ
665 1354 847 1402 φεύξεται,
871 1353 923 1388 iV.
949 1353 971 1388 8
993 1352 1171 1401 ἐγγίσατε
1191 1352 1252 1388 καὶ
1280 1353 1433 1402 ἐγγίσει,
1455 1353 1507 1389 iv.
1534 1354 1582 1389 10
1611 1353 1857 1401 ταπεινώθητε

371 1411 430 1448 καὶ
449 1410 599 1460 ὑψώσει,
622 1421 657 1444 V.
685 1406 731 1444 15
753 1406 1100 1456 προσευξάσθωσαν
1119 1405 1179 1442 καὶ
1199 1406 1317 1442 σώσει
1336 1419 1343 1442 2
1374 1406 1489 1453 (With
1509 1406 1647 1456 indic.)
1669 1409 1693 1444 i.
1715 1408 1757 1443 11
1784 1406 1859 1444 ἀνέ-

368 1466 488 1502 τειλεν
521 1464 540 1500 ὃ
572 1463 678 1510 ἥλιος
708 1460 768 1497 καὶ
789 1460 973 1504 ἐξέπεσεν,
995 1472 1032 1494 V.
1058 1460 1117 1505 17,
1144 1460 1191 1495 18
1220 1460 1463 1508 προσηύξατο
1492 1460 1859 1509 καὶ...ΟοΠΠθοὺ1ῐ1ἓ’

369 1516 599 1555 contrasbed
634 1515 793 1551 nossions
819 1514 859 1550 11.
887 1514 933 1549 19
963 1513 1205 1550 πιστεύουσιν
1239 1513 1299 1550 καὶ
1332 1514 1577 1562 φρίσσουσιν,
1598 1514 1651 1551 iii.
1675 1514 1697 1550 5
1729 1514 1860 1563 μικρὸν

371 1572 485 1621 μέλος
505 1570 608 1608 ἐστὶν
627 1569 687 1606 καὶ
705 1568 854 1618 μεγάλα
873 1568 986 1617 αὐχεῖ.
1047 1566 1295 1616 Connecting
1315 1567 1377 1603 six
1398 1568 1617 1605 successive
1636 1568 1788 1604 clauses
1816 1567 1859 1603 in

372 1640 408 1662 v.
434 1624 495 1669 17,
521 1625 581 1667 18,
602 1623 677 1659 five
696 1622 738 1658 in
759 1634 795 1659 v.
823 1621 883 1665 14,
910 1621 968 1656 15.
1028 1620 1138 1656 Used
1158 1621 1289 1657 where
1309 1633 1367 1657 we
1386 1622 1517 1671 mighb
1542 1622 1643 1658 have
1671 1621 1861 1671 expected

373 1680 412 1717 δέ
429 1679 471 1715 in
491 1678 530 1714 ii.
555 1678 591 1721 4,
613 1677 664 1713 iv.
690 1676 749 1712 15.
810 1675 881 1711 See
902 1674 1000 1724 κάγώ
1019 1674 1098 1710 and
1119 1674 1196 1711 κᾶν.

267 1736 373 1774 κακία
393 1747 399 1769 2
428 1733 453 1768 i.
477 1733 522 1768 21
547 1730 765 1780 περισσείαν
785 1729 919 1768 κακίας.

267 1787 503 1828 κακοπαθέωῖ
534 1799 569 1822 V.
597 1785 644 1820 13
666 1784 870 1821 κακοπαθεῖ
886 1799 940 1821 τις
960 1785 997 1819 ἐν
1018 1782 1126 1829 ὗμῖν;
1145 1782 1426 1832 προσευχέσθω.

265 1859 293 1882 c.
318 1841 523 1881 κακοπάθια
541 1853 547 1875 z
577 1852 613 1875 V.
639 1838 687 1874 10
708 1836 910 1886 ὑπόδειγμα
929 1834 1069 1883 λάβετε
1088 1837 1153 1883 τῆς
1173 1837 1398 1876 κακοπαθίας
1416 1836 1501 1877 τοὺς
1520 1838 1725 1887 προφήτας,

267 1897 376 1935 κακός
394 1909 400 1931 t
430 1895 453 1930 i.
481 1895 527 1930 13
550 1894 568 1930 ὁ
588 1892 679 1931 Θεὸς
698 1890 922 1939 ἀπείραστός
942 1892 1044 1926 ἐστιν
1064 1892 1193 1932 κακῶν,
1213 1889 1268 1925 111.
1293 1891 1315 1926 8
1336 1891 1596 1928 ἀκατάστατον
1617 1892 1737 1929 κακόν.

269 1954 406 1990 κακῶς;
436 1948 487 1984 iV.
512 1948 533 1983 3
556 1948 597 1984 οὗ
617 1945 831 1994 λαμβάνετε
851 1943 942 1981 διότι
962 1946 1078 1982 κακῶς
1097 1943 1270 1981 αἰτεῖσθε.

271 2004 390 2043 καλέω
409 2016 415 2039 ἱ
444 2002 484 2038 11.
509 2002 556 2037 23
579 2000 693 2048 φίλος
711 2001 805 2035 Θεοῦ
825 1997 974 2046 ἐκλήθη.

272 2059 385 2097 καλός
403 2070 409 2092 :
438 2056 479 2092 ii.
504 2055 524 2092 7
546 2054 588 2091 τὸ
608 2054 723 2090 καλὸν
742 2053 869 2101 ὄνομα,
892 2051 945 2087 111.
973 2051 1020 2086 13
1042 2053 1081 2087 ἐκ
1109 2052 1173 2099 τῆς
1193 2052 1307 2099 καλῆς
1326 2053 1580 2101 ἀναστροφῆς,
1602 2051 1653 2089 iv.
1680 2051 1727 2089 17
1749 2051 1864 2089 καλὸν

378 2126 504 2147 ποιειν.

272 2166 469 2204 καλύπτωῖ
500 2175 535 2198 V.
558 2162 607 2197 20
630 2160 787 2209 καλύψει
806 2159 949 2207 πλῆθος
969 2160 1163 2206 ἁμαρτιῶν.

274 2222 393 2258 καλῶς
411 2232 417 2254 :
447 2217 486 2253 ii.
511 2217 532 2252 3
554 2215 603 2252 σὺ
624 2214 736 2252 κάθου
758 2213 822 2250 ὧδε
838 2215 969 2255 καλῶς,
991 2212 1030 2247 11.
1054 2213 1077 2247 8
1099 2213 1218 2251 καλῶς
1238 2213 1386 2256 ποιεῖτε,
1408 2211 1447 2248 11.
1475 2213 1522 2249 19
1544 2214 1664 2253 καλῶς
1682 2215 1807 2253 ποιεῖς.

274 2274 398 2322 κάμνω
417 2285 424 2307 2
453 2284 488 2307 V.
515 2269 562 2305 15
584 2270 606 2317 ἡ
623 2268 712 2317 εὐχὴ
732 2267 849 2305 σώσει
867 2267 931 2303 τὸν
950 2265 1144 2314 κάμνοντα.

275 2328 341 2365 κᾶν
362 2326 419 2377 (=
434 2324 493 2362 καὶ
514 2324 575 2361 ἐάν
597 2321 697 2358 ‘and
717 2320 748 2356 if
762 2320 788 2370 ’)
807 2334 813 2356 ς
843 2333 879 2356 V.
906 2320 964 2357 15.
1025 2319 1096 2355 See
1115 2332 1150 2367 p.
1172 2319 1318 2355 clxxxi.

275 2380 424 2431 καρδίαῑ
449 2379 472 2414 1.
498 2378 546 2413 26
568 2378 716 2413 ἀπατῶν
736 2373 897 2423 καρδίαν,
918 2373 973 2409 111.
1000 2373 1048 2409 14
1069 2375 1181 2421 ζῆλον
1201 2373 1303 2423 ἔχετε
1324 2375 1361 2410 ἐν
1379 2373 1425 2422 τῇ
1446 2373 1585 2423 καρδίᾳ,
1607 2375 1658 2411 iV.
1683 2376 1705 2411 8
1741 2375 1866 2426 ἁγνίσ-

382 2450 445 2471 ατε
465 2430 623 2480 καρδίας,
644 2442 679 2464 V.
703 2428 726 2464 5
748 2428 925 2477 ἐθρέψατε
944 2428 1009 2466 τὰς
1029 2427 1187 2474 καρδίας,
1208 2440 1243 2462 V.
1268 2427 1291 2462 8
1312 2427 1510 2475 στηρίξατε
1529 2430 1594 2468 τὰς
1614 2428 1771 2477 καρδίας.

277 2489 440 2538 καρπόςῑ
470 2485 524 2521 111.
560 2483 607 2521 17
638 2483 759 2531 μεστὴ
789 2483 939 2530 καρπῶν
971 2481 1127 2530 ἀγαθῶν,
1161 2480 1215 2515 111.
1249 2480 1297 2515 18
1332 2481 1470 2529 καρπὸς
1500 2481 1744 2530 δικαιοσύνης,
1775 2496 1812 2519 V.
1844 2481 1866 2520 7

384 2542 447 2579 τὸν
465 2539 586 2588 τίμιον
605 2536 746 2585 καρπὸν
764 2537 828 2583 τῆς
846 2537 924 2584 γῆς,
947 2547 981 2569 V.
1009 2535 1056 2569 18
1077 2535 1099 2582 ἡ
1119 2536 1166 2582 γῆ
1187 2533 1429 2582 ἐβλάστησεν
1448 2534 1512 2572 τὸν
1531 2536 1671 2584 καρπὸν
1690 2538 1810 2585 αὐτῆς.

277 2597 371 2634 κατά
389 2609 395 2631 ;
431 2594 476 2644 (0,
512 2589 607 2640 ace.)
648 2591 688 2626 11.
724 2591 746 2626 8
780 2590 871 2626 κατὰ
904 2588 970 2636 τὴν
1002 2588 1165 2637 γραφήν,
1197 2587 1235 2622 11.
1276 2588 1323 2624 17
1360 2586 1440 2625 καθ’
1472 2590 1613 2637 ἑαυτήν,
1647 2590 1702 2626 111.
1736 2591 1756 2626 9
1788 2587 1868 2628 καθ’

384 2647 561 2696 ὁμοίωσιν
593 2646 710 2689 Θεοῦ,
738 2642 782 2692 (c.
817 2640 917 2691 98η.)
937 2641 991 2677 111.
1017 2641 1065 2677 14
1096 2640 1275 2690 ψεύδεσθε
1295 2642 1387 2678 κατὰ
1406 2643 1470 2690 τῆς
1498 2643 1683 2691 ἀληθείας,
1710 2657 1745 2680 V.
1773 2645 1794 2680 9
1815 2643 1868 2692 μὴ

385 2701 578 2747 στενάζετε
598 2696 675 2735 κατ’
695 2697 881 2745 ἀλλήλων.
941 2695 1013 2731 See
1033 2707 1094 2743 pp.
1117 2694 1243 2737 cxcix,
1265 2707 1316 2730 cc.

279 2755 491 2804 καταβαίνω
511 2767 517 2789 ;
548 2753 571 2789 1.
598 2751 644 2789 17
667 2751 893 2798 καταβαῖνον
913 2749 986 2785 ἀπὸ
1006 2750 1071 2785 τοῦ
1089 2748 1228 2796 πατρὸς
1246 2750 1317 2785 τῶν
1337 2749 1477 2796 φώτων,

280 2809 505 2855 καταδικάζω
524 2820 530 2842 ;
560 2819 596 2842 V.
620 2806 641 2841 6
664 2804 938 2846 κατεδικάσατε,
962 2802 1189 2850 ἐφονεύσατε
1207 2802 1271 2838 τὸν
1290 2801 1438 2839 δίκαιον.
1497 2803 1568 2840 See
1587 2817 1621 2853 p.
1643 2805 1782 2841 cxcvii.

273 2861 580 2903 ,καταδυναστεύω
596 2873 603 2896 2
632 2859 672 2896 ii.
698 2859 719 2895 6
743 2860 812 2910 οὐχ
831 2859 864 2895 οἱ
883 2856 1060 2893 πλούσιοι
1080 2854 1463 2894 καταδυναστεύουσιν
1481 2858 1579 2905 ὑμῶν
1591 2876 1603 2902 ;
