1974 3298
272 241 316 277 lii
856 241 1279 280 INTRODUOTION

270 346 442 387 Gentile
465 346 652 388 element
683 346 728 386 in
750 346 825 387 the
849 346 1021 388 Chureh
1043 347 1271 397 increased,
1293 347 1368 388 the
1390 347 1417 388 J
1422 347 1601 388 udaistic
1623 346 1774 402 epistle
1794 345 1869 386 fell

270 412 361 453 into
383 412 458 453 the
479 412 767 467 background.
827 413 866 453 A
888 412 1064 467 parallel
1086 428 1180 454 case
1202 413 1238 454 is
1259 413 1356 453 that
1377 413 1423 453 of
1445 413 1521 454 the
1541 412 1707 468 Epistle
1729 417 1773 453 to
1794 411 1869 452 the

272 478 492 527 Hebrews‚
536 477 674 519 which
710 477 911 519 Clement
952 493 1088 520 seems
1123 484 1167 519 ‘co
1208 478 1317 520 have
1358 478 1514 519 known
1547 478 1603 533 by
1634 479 1769 528 heart,
1790 477 1870 518 but

268 543 418 593 which,
449 543 536 584 like
569 543 643 585 the
674 544 840 598 Epistle
875 545 921 585 of
951 544 1109 593 James,
1141 545 1175 585 is
1206 544 1389 586 omitted
1420 545 1464 584 in
1496 545 1571 585 the
1602 543 1867 585 Muratorian

271 608 431 650 Canon.

327 675 526 717 Clement
542 676 591 716 of
604 675 754 725 Rome,
769 676 929 729 Epistle
951 680 988 717 to
1011 677 1073 716 tlw
1098 675 1383 718 C'orz'ntkimw.
1443 686 1530 718 A.D.
1549 678 1614 717 95.
1675 676 1767 716 The
1783 675 1870 715 fact

270 741 366 782 that
400 740 600 783 Clement
632 741 829 783 balances
862 742 936 783 the
970 742 1172 796 teaehing
1200 742 1246 782 of
1277 742 1343 783 St.
1373 742 1483 782 Paul
1523 742 1577 796 by
1605 741 1702 782 that,
1730 741 1776 782 of
1803 740 1868 781 St.

270 808 297 848 J
301 821 418 848 ames
438 807 473 848 is
494 807 706 848 sufficient
727 808 854 862 proof
870 808 915 848 of
939 807 1013 849 the
1035 807 1255 861 authority
1277 807 1330 848 he
1352 807 1542 848 ascribed
1564 813 1608 848 to
1631 806 1704 848 the
1726 807 1869 855 latter,

269 887 338 914 see
361 873 495 915 below
517 888 571 914 on
593 888 625 914 c.
651 875 733 915 331
795 873 858 914 Cf.
882 873 1027 928 Spitta
1048 888 1116 928 pp.
1141 874 1351 915 230-236.

316 1002 342 1025 c.
366 994 387 1024 3
412 991 448 1024 ἐκ
473 990 596 1025 τούτου
624 990 731 1034 (110111
758 1001 907 1035 plosper
911 991 978 1034 it3)
1011 992 1056 1034 ζῆ
1069 992 1091 1024 λ
1103 1005 1120 1023 ο
1134 1006 1149 1026 ς
1178 992 1232 1024 καὶ
1262 991 1291 1035 φ
1304 990 1354 1024 θ
1338 1006 1355 1024 ο
1368 1005 1384 1024 ν
1396 1005 1414 1024 ο
1428 1005 1443 1026 ς
1474 991 1528 1024 καὶ
1555 990 1624 1035 ἕρις
1648 991 1702 1024 καὶ
1730 990 1870 1031 στάσις,

269 1038 417 1082 διωγμὸς
435 1038 487 1071 καὶ
505 1037 811 1080 ἀκαταστασια,
829 1039 1011 1081 πόλεμος
1027 1051 1081 1071 και
1098 1038 1349 1083 αι’χμαλωσία..
1359 1037 1427 1073 ,διὰ
1443 1040 1545 1072 τοῦτο
1561 1040 1679 1084 πόρρω
1694 1037 1839 1072 ι’ίπεστιν
1850 1037 1869 1081 ἡ

269 1085 332 1119 δικ
344 1098 518 1128 αιοσυνη
544 1100 598 1118 και
623 1084 709 1129 εἷρή
720 1099 772 1129 νη,
800 1085 835 1119 ἐν
859 1087 907 1130 τῷ
933 1084 1136 1119 ἀπολείπειν
1162 1084 1307 1119 ἕκαστον
1331 1085 1391 1118 τὸν
1415 1085 1533 1129 φόβον
1554 1100 1616 1119 του
1639 1084 1755 1119 Θεου..
1764 1084 1870 1118 ,ἀλλὰ

268 1131 414 1167 ἕκαστον
431 1133 585 1189 βαδίζειν
602 1132 684 1165 κατὰ
701 1133 763 1167 τὰς
780 1146 848 1166 επι
858 1131 958 1176 θυμί
966 1146 986 1165 α
996 1147 1012 1167 ς
1029 1132 1132 1165 αὐτοῦ
1145 1132 1204 1167 τὰς
1219 1132 1376 1176 πονηράς,
1392 1143 1418 1166 C.
1437 1134 1481 1165 14
1493 1133 1565 1167 τοῖς
1577 1132 1614 1166 ἐν
1627 1131 1803 1176 ἀλαζονείᾳ
1817 1146 1870 1166 και

269 1194 289 1212 ιι
298 1194 315 1213 κ
324 1193 396 1213 ατα
406 1194 483 1214 στα
493 1195 517 1214 σ
526 1179 536 1212 ί
546 1193 566 1223 ᾳ
583 1180 737 1224 μυσεροῦ
756 1178 828 1222 ζὴλ
838 1193 882 1212 ου
892 1194 906 1214 ς
924 1178 1088 1224 ἀρχηγοῖς
1105 1179 1372 1222 ἐξακολουθεῖνῑ
1437 1178 1580 1212 James
1571 1182 1654 1213 1112
1669 1178 1868 1223 ἐπιθυμεῖτε

267 1227 319 1260 καὶ
337 1227 401 1270 οὐχ
410 1226 528 1278 ε’χετε
555 1226 717 1270 φθονεῖτε
737 1225 777 1269 (2)
797 1240 850 1259 και
869 1227 1013 1284 ζηλοῦτε
1027 1239 1080 1259 και
1094 1240 1132 1260 ου
1147 1224 1331 1260 δύνασθε’
1315 1228 1501 1271 επιτυχεῖν·
1525 1226 1684 1271 μάχεσθε
1698 1240 1753 1260 και
1766 1228 1869 1260 πολε-

265 1275 371 1317 μεῖτε,
392 1272 614 1307 111.16ὅπου
631 1273 699 1318 γὰρ
715 1273 817 1316 ζῆλος
835 1273 888 1306 καὶ
907 1273 1067 1329 ἐριθία,’
1050 1275 1120 1306 εκεῖ
1136 1272 1375 1308 ἀκαταστασία
1396 1274 1450 1307 καὶ
1469 1275 1537 1307 πᾶν
1558 1275 1695 1318 φαῦλον
1716 1273 1869 1318 πρᾶγμα,

269 1320 310 1354 ib.
334 1322 376 1354 18
395 1321 526 1365 καρπὸς
544 1320 580 1353 δὲ
600 1318 853 1377 δικαιοσυνης’
836 1335 871 1354 εν
890 1318 1004 1365 εἰρήνῃ
1025 1320 1205 1365 σπείρεται
1221 1321 1293 1356 τοῖς
1310 1321 1475 1355 ποιοῦσιν
1492 1319 1633 1364 εἰρήνην.

314 1367 365 1400 ‘³⁵0
381 1370 400 1400 5
414 1366 559 1401 ἀλλ’ἵνα
575 1370 652 1400 τῶν
667 1366 850 1411 ἀρχαίων
868 1368 1190 1412 ὑποδειγμάτων
1208 1367 1450 1412 παυσώμεθα..
1459 1368 1665 1410 λαβωμεν
1677 1382 1736 1411 της
1748 1369 1870 1413 γενεᾶς

266 1413 362 1458 ἡμῶν
390 1415 432 1447 τὰ
462 1415 599 1459 γενναῖα
628 1414 730 1448 ὑποδ
739 1429 753 1448 ε
763 1413 928 1459 ι’γματα,
959 1413 1101 1458 shortly
1128 1413 1255 1448 afterw
1257 1383 1360 1448 ardsp‘
1368 1413 1459 1447 Paul
1488 1414 1518 1447 is
1547 1414 1758 1448 mentioned
1784 1426 1822 1448 as
1848 1426 1868 1448 a

268 1464 413 1505 pattern
439 1462 517 1494 ὑπο
525 1475 575 1505 μο
585 1461 628 1503 νῆ
638 1474 667 1519 ς,
688 1463 777 1495 017
802 1461 943 1506 μιμηταὶ
968 1461 1146 1506 γενώμεθα
1172 1460 1211 1494 of
1232 1461 1294 1494 the
1320 1460 1505 1506 prophetS,
1527 1460 1566 1494 of
1588 1460 1786 1503 Abraham,
1805 1461 1869 1495 the

268 1507 388 1541 1riend
405 1506 444 1541 os
468 1507 584 1549 God,⁸
659 1506 776 1548 Ἰὼβ
759 1512 798 1550 ἠν
815 1509 942 1543 δίκαιος
960 1509 1012 1542 καὶ
1030 1508 1211 1566 ἄμεμπτος
1224 1523 1251 1542 κ.
1255 1522 1283 1542 τ.
1288 1509 1346 1542 λ..
1424 1507 1546 1541 Jalnes
1564 1519 1596 1542 V.
1619 1510 1663 1542 10
1679 1509 1869 1554 ὑπόδειγμα

266 1555 391 1595 λάβετε
416 1556 475 1598 τῆς
501 1533 713 1588 κακοπαθίας
739 1555 791 1588 καὶ
817 1557 876 1600 τῆς
899 1555 1135 1600 μακροθυμίας
1155 1555 1234 1590 τοὺς
1254 1537 1449 1599 προφήτας,
1466 1566 1538 1589 ver.
1560 1557 1599 1588 11
1620 1555 1680 1599 τὴν
1697 1555 1871 1600 ὑπομονὴν

277 1600 380 1642 Ιὼβ’
366 1600 547 1645 ηκούσατε.

313 1661 340 1682 e.
356 1651 399 1682 13
414 1648 871 1694 ταπεινοφρονήσωμεν
889 1649 968 1691 οὐν,
983 1649 1175 1694 ἀδελφοί,
1194 1648 1453 1692 ἀποθέμενοι
1469 1650 1611 1683 πᾶσαν
1625 1648 1872 1692 ἀλαζονείαν

267 1710 332 1730 και.
341 1695 507 1742 ηόργάς,
539 1711 592 1729 και
619 1695 863 1740 ποιήσωμεν
891 1696 934 1730 τὸ
962 1700 1276 1742 γεγραμμένον.
1285 1711 1357 1740 ..μη
1385 1696 1614 1741 καυχάσθω
1643 1699 1660 1730 6
1690 1698 1805 1742 σοφὸς
1834 1713 1872 1731 εν

264 1745 304 1785 τῆ
324 1743 435 1788 σοφίᾳ
452 1757 566 1777 αυτου.
577 1744 735 1787 .’.μηδέ
719 1758 736 1776 ο
755 1742 858 1777 πλοι
855 1758 956 1778 σιος
974 1744 1013 1777 ἐν
1029 1746 1079 1789 τῷ
1097 1745 1259 1791 πλούτῳ
1276 1743 1409 1785 αὐτου,
1429 1743 1472 1776 cf.
1492 1744 1547 1778 57.
1567 1746 1611 1776 2:
1708 1743 1872 1778 Jamesi

267 1771 675 1834 9,10,19,20,21,2·>.

313 1838 365 1870 ἧς.
385 1840 426 1870 21
447 1837 779 1881 εγκαυχωμένοις
805 1852 844 1870 εν
869 1837 1088 1882 ἀλαζονείᾳ
1113 1838 1173 1871 τοῦ
1191 1838 1296 1882 λόγου
1314 1838 1443 1871 αυτῶν·
1437 1865 1443 1871 .
1523 1836 1672 1872 James
1662 1849 1710 1872 IV.
1734 1840 1775 1871 16
1793 1852 1871 1872 καυ-

265 1884 378 1929 χᾶσθε
395 1884 430 1917 ἐν
446 1885 520 1919 ταῖς
536 1884 747 1926 ἀλαζονείαις
773 1884 871 1927 ὑμῶν.

315 1943 342 1964 c.
365 1933 405 1964 21
423 1931 702 1975 μαθετωσαν
729 1932 764 1963 τί
790 1931 1208 1976 ταπεινοφροσύνη
1236 1932 1353 1976 παρὰ
1381 1933 1473 1976 Θεῷ
1498 1930 1681 1977 ἶσχύει;
1747 1932 1873 1966 James

269 1990 301 2012 v,
321 1980 375 2019 16,
393 1978 484 2012 πολὺ
502 1977 615 2023 ι’σχὺει
632 1978 749 2022 δέησις
766 1979 900 2013 δικαίου.

313 2025 364 2060 ⁹⁴²0.
386 2027 431 2059 23
450 2026 468 2059 6
487 2025 710 2070 οἰκτίρμων
733 2027 831 2059 κατὰ
857 2026 987 2060 πάντα
1017 2026 1080 2059 καὶ
1104 2026 1368 2070 εὐεργετικὸς
1393 2026 1523 2070 πατὴρ
1549 2026 1621 2071 ἕχει
1647 2026 1872 2071 σπλάγχνα

266 2072 321 2106 ἐπι
346 2072 474 2108 πάντας
499 2072 575 2108 τοὺς
604 2073 842 2118 φοβουμενους
864 2073 995 2107 αὐτόν..
1003 2074 1068 2107 ,καὶ
1090 2076 1304 2118 προσηνῶς
1329 2072 1399 2108 τὰς
1424 2073 1597 2118 χάριτας
1623 2074 1747 2108 αὐτου
1775 2073 1870 2108 ἀπο-

269 2120 287 2153 δ
303 2135 313 2153 ι
329 2119 348 2152 δ
362 2133 404 2152 οι
435 2133 483 2153 το
496 2121 509 2154 ἶ
523 2133 538 2154 ς
567 2134 923 2164 προσερχομενοις
949 2134 967 2153 α
980 2121 997 2154 ι’
1009 2122 1064 2166 τῷ
1099 2121 1216 2155 ἁπλ
1198 2135 1218 2163 ῃ
1249 2120 1421 2164 διανοίᾳ
1451 2120 1503 2154 διὸ
1535 2120 1580 2164 μὴ
1611 2120 1872 2166 διψυχῶμεν,

268 2180 297 2203 c.
321 2168 362 2200 19
379 2165 504 2204 ιδωμεν
521 2167 621 2200 αὐτὸν
638 2167 758 2222 (Θεὸν)
775 2181 857 2200 κατα
876 2168 1021 2201 διάνοιαν
1038 2181 1091 2201 και
1108 2167 1342 2212 ἐμβλεψωμεν
1365 2169 1435 2202 τοῖς
1459 2167 1591 2211 ὅμμασι
1615 2169 1674 2211 τῆς
1689 2168 1807 2213 ψυχῆς
1824 2169 1873 2204 εἷς

267 2229 306 2247 το
324 2213 541 2258 μακρόθυμον
557 2214 658 2248 αὐτου
674 2212 871 2257 βούλευ;μα
968 2214 1093 2248 James
1111 2226 1144 2249 V.
1165 2216 1206 2248 11
1231 2215 1270 2248 τὸ
1295 2213 1396 2249 τελος
1420 2215 1545 2260 Κυρίου
1563 2214 1715 2256 ε’ίδετε,”
1695 2230 1748 2249 οτι
1764 2216 1871 2250 πολυ-

269 2259 473 2305 σπλαγχνός
497 2260 590 2294 ἐστιν
607 2262 624 2294 6
644 2260 768 2305 Κύριος
785 2262 836 2294 καὶ
862 2261 1049 2305 οἰκτίρμων,
1067 2261 1090 2295 i.
1118 2264 1137 2294 5
1164 2260 1295 2295 αἰτείτω
1311 2262 1402 2306 παρὰ
1418 2264 1478 2295 τοῦ
1496 2261 1645 2296 διδόντος
1662 2264 1748 2296 Θεοῦ
1766 2264 1871 2298 πᾶσιν

269 2309 385 2343 ἁπλῶς
411 2309 464 2341 καὶ
496 2306 540 2352 μὴ
558 2307 785 2350 ὀνειδιζοντος,
805 2308 936 2342 αἰτείτω
955 2308 1024 2342 δε’
1007 2323 1042 2342 εν
1057 2308 1173 2342 πίστει
1188 2308 1291 2352 μηδεν
1307 2309 1582 2353 διακρινόμενος..
1591 2309 1648 2353 ,μὴ
1663 2309 1730 2355 γὰρ
1747 2309 1875 2345 οιεσθω

269 2355 320 2389 ὅτι
338 2354 515 2399 λήμψεταί
530 2368 561 2388 τι
582 2355 674 2399 παρὰ
692 2357 753 2388 τοῦ
772 2355 896 2400 Κυρίου
913 2354 996 2399 ἀνὴρ
1014 2355 1177 2400 δίψυχος

318 2402 369 2436 ⁹⁶0.
388 2404 434 2435 23
461 2401 495 2446 (a
512 2401 705 2446 quotation
730 2401 824 2435 from
850 2413 897 2435 an
922 2402 1052 2436 earlier
1077 2402 1234 2444 treatise,
1251 2401 1409 2447 perhaps
1428 2402 1465 2435 E
1468 2402 1556 2436 Μαι]
1582 2402 1655 2436 ancl
1678 2402 1816 2448 ΆῘοιῖαΐ,
1833 2415 1871 2438 as

270 2448 461 2493 Lightfoot
479 2449 656 2493 suggests)
675 2450 791 2494 πόρρω
810 2449 964 2494 γενέσθω
976 2449 1038 2494 ἀφ’
1050 2448 1142 2494 ἡμῶν
1159 2449 1177 2493 ἡ
1195 2449 1313 2494 γραφὴ
1333 2463 1415 2493 αυτη
1433 2449 1519 2483 ὅπου
1537 2449 1633 2494 λεγει
1650 2451 1868 2497 Ταλαίπωροι

271 2497 360 2531 εἶσιν
379 2496 418 2529 οἶ
447 2475 651 2540 ὃίψῦυχοι
675 2511 714 2529 οι
743 2497 1052 2537 διστάζοντες
1078 2496 1157 2539 τὴν
1184 2495 1353 2541 ψυχήν,
1384 2496 1458 2529 also
1476 2496 1611 2541 quoted
1632 2497 1672 2529 111
1693 2496 1805 2531 Clem.
1826 2497 1868 2532 R.

270 2544 308 2578 ii.
331 2545 369 2576 11
398 2543 493 2588 λέγει
510 2544 576 2587 γὰρ
595 2544 612 2576 ὁ
630 2544 842 2594 προφητικός
858 2544 962 2588 λογος
977 2543 1195 2588 Ταλαίπωροι
1214 2557 1241 2576 κ.
1249 2557 1278 2578 τ.
1284 2544 1317 2577 λ.
1367 2542 1511 2576 There
1502 2554 1533 2576 ls
1551 2542 1707 2588 nothing
1720 2547 1757 2577 to
1770 2544 1870 2578 show

271 2589 437 2624 whether
452 2588 526 2623 this
543 2590 690 2623 treatise
708 2601 779 2623 uas
797 2589 927 2623 ealher
943 2601 983 2623 or
1000 2588 1092 2623 later
1110 2589 1200 2623 than
1218 2588 1280 2622 the
1299 2588 1442 2634 Epistle
1460 2589 1499 2623 of
1514 2589 1566 2623 St.
1585 2589 1608 2622 J
1611 2601 1718 2624 ames.

318 2637 370 2670 ³4c..
389 2638 435 2670 30
451 2635 648 2680 ποιήσωμεν
673 2636 714 2670 τὰ
738 2639 800 2670 τοῦ
827 2639 1001 2682 ἁγιασμοῦ
1022 2637 1141 2678 πάντα,
1160 2635 1349 2681 φεύγοντες
1375 2637 1656 2672 καταλαλιὰς..
1665 2638 1872 2682 .βδελυκτὴν

273 2684 568 2728 υπερηφανίαν.
620 2685 726 2717 Θεὸς
742 2684 830 2729 γάρ,
850 2684 993 2727 φησίν,
1013 2683 1298 2728 ὑπερηφάνοις
1320 2682 1634 2722 ἀντιτάσσεται,
1653 2687 1870 2743 ταπεινοῖς

273 2732 313 2765 δέ
331 2731 505 2765 δίδωσιν
521 2731 671 2775 χάριν..
680 2731 915 2775 .ε’νδυσώμεθα
929 2731 989 2774 τὴν
1003 2732 1160 2773 ὁμόνοιαν
1176 2731 1637 2775 ταπεινοφρονοῦντες..
1646 2730 1727 2765 .ἀπὸ
1744 2734 1869 2768 παντὸς

270 2778 490 2823 ψιθυρισμοῦ
508 2791 562 2811 και
580 2778 839 2812 καταλαλιᾶς
852 2779 969 2823 πόρρω
984 2776 1123 2811 ἑαυτοὺς
1135 2779 1326 2829 ποιοῦντες,
1338 2777 1480 2822 ἔργοις
1498 2776 1786 2822 δικαιούμενοι
1804 2781 1866 2814 καὶ

269 2826 318 2869 μὴ
349 2826 516 2870 λόγοις;
543 2824 605 2857 the
627 2824 817 2869 quotation
840 2824 934 2857 from
960 2824 1064 2858 Prov.
1090 2823 1141 2858 iii.
1169 2826 1214 2857 34
1238 2823 1268 2856 is
1293 2823 1353 2868 giv
1356 2834 1402 2856 en
1426 2823 1476 2867 by
1493 2823 1515 2857 ,J
1519 2835 1615 2858 ames
1640 2824 1706 2868 (iv.
1727 2827 1768 2869 6)
1797 2827 1870 2860 and

517 2932 528 2951 ¹
553 2933 567 2964 I
585 2932 670 2966 have
686 2932 832 2975 prefixed
850 2943 891 2964 an
908 2932 1049 2964 asterisk
1066 2935 1101 2964 to
1118 2931 1176 2963 the
1192 2942 1282 2964 more
1298 2931 1446 2974 striking
1426 2931 1625 2974 aparallels.
