1974 3298
217 236 364 274 lxxviii
809 234 873 270 ΙΝ
877 233 1235 272 TRODUOTION

268 349 303 384 Ρ.
334 339 398 371 141
422 336 548 382 ἀνάγκη
573 337 656 371 ὅταν
687 337 753 372 ἀπὸ
777 338 836 381 τῆς
859 339 920 371 τοῦ
945 339 1033 371 Θεοῦ
1060 337 1255 382 φαντασίας
1278 336 1403 380 ἐξέλθῃ
1427 337 1688 372 διάνοια-..νεὼς
1708 337 1834 371 αὐτίκα

217 383 499 428 θαλαττευοὺσης
519 383 658 429 τρόπον,
677 383 968 419 ἀντιστατοῦντων
984 383 1104 424 βιαίως
1122 385 1329 429 πνευμάτων,
1348 382 1413 419 ὦδε
1431 385 1484 418 καὶ
1502 384 1613 420 ἐκεῖσε
1631 384 1804 430 φέρεσθαι
1823 395 1831 416 :

225 432 352 466 James
368 431 392 466 1.
411 433 443 466 6.

277 478 463 514 Cherubim
489 478 511 512 1.
540 489 574 523 Ρ.
605 481 670 512 142
701 478 741 512 ΜΖ
773 479 822 513 τὸ
845 478 924 523 μὲν
952 478 1080 513 θεῖον
1110 480 1353 524 ἄτρεπτον,
1383 479 1422 513 τὸ
1451 478 1487 513 δέ
1509 480 1692 524 γενόμενον
1717 477 1828 523 φύσει

227 527 466 571 μεταβλητόνί
494 525 618 560 James
635 526 657 560 1.
680 527 733 561 17.

273 584 307 618 p.
330 575 394 607 147
414 572 463 608 τίς
480 574 498 606 ὁ
517 573 669 633 σπείΡων
687 573 729 607 τὰ
748 573 836 607 καλὰ
853 573 977 616 πλὴν“
962 588 979 606 0
997 576 1065 607 τῶν
1082 572 1171 607 ὅλων
1193 572 1303 616 πατὴρ
1319 585 1326 615 ;
1355 573 1491 618 σπείρει
1515 573 1577 618 μὲν
1600 571 1708 616 οὗτος,
1730 573 1769 607 τὸ
1794 572 1830 606 δέ

228 623 380 666 γέννημα
399 621 438 654 τὸ
455 618 574 654 ’ίδιον
559 635 577 653 ο
595 621 733 672 ἔσπειρε
754 621 933 665 δωρεῖταιζ
961 620 1110 654 James
1101 632 1124 653 1.
1147 622 1202 654 18.

279 667 500 724 Ρ.149ὁ’ταν
517 669 535 702 ὁ
553 668 588 702 ἐν
607 667 685 713 ἡμιν
702 669 779 703 νοῦ
797 683 812 703 ς
842 666 988 710 αἶσθὴ
1005 681 1082 702 σει
1109 667 1369 710 πλησίασῃ,
1389 666 1469 710 ἥδε
1498 667 1835 711 συλλαμβάνει

253 714 503 759 ..εγκύμων
529 729 575 749 τε
596 716 791 767 ’γίνεται
822 729 894 748 και
924 714 1026 750 εὐθὺς
1055 714 1214 748 ὠδίνει
1245 715 1322 747 καὶ
1351 714 1506 748 τίκτει
1535 717 1644 748 κακῶν
1660 714 1779 759 ψυχῆς
1796 715 1836 748 τὸ

233 764 398 806 μέγιστον
413 773 420 794 :
451 761 601 796 James
592 774 616 797 1.
637 765 690 797 15.

281 819 314 853 p.
338 810 401 842 161
423 810 440 842 6
460 810 572 844 Θεὸς
595 809 855 854 δωρητικὸς
878 812 964 844 τῶν
991 809 1226 842 ἁπάντωνῑ
1253 806 1376 841 James
1393 807 1416 841 i.
1438 808 1491 841 17.

235 901 257 936 J
282 855 380 890 Sacr.
401 855 469 890 Ab.
488 861 521 890 et
539 855 643 892 Caini
660 867 694 902 Ρ.
721 857 787 891 173
814 856 1069 890 παντελεῖς
1098 855 1226 888 αἰτοῦ
1252 854 1433 899 ἀγεννὴτου
1459 854 1630 899 δωρεαὶ
1663 855 1836 889 πᾶσαιε

261 912 359 936 ames
374 902 397 937 i.
420 904 472 938 17.

283 960 318 994 Ρ.
340 949 404 985 177
423 953 473 996 γέ
486 966 502 985 ν
515 965 529 984 ε
543 965 568 985 σ
580 965 590 984 ι
602 965 619 984 ν
644 965 668 993 μ
680 950 796 984 ἇλλο
808 965 825 984 ν
844 953 930 983 Θεοῦ
948 947 1239 1004 προτετιμήκασιζ
1267 947 1430 982 JameSI
1452 947 1580 991 23,111.
1602 948 1632 982 6.

284 1007 319 1041 Ρ.
339 999 403 1031 181
424 1011 489 1041 ουχ
506 996 559 1032 ἵνα
577 998 723 1032 σάλον
747 1011 800 1030 και
822 997 999 1055 τροπὴν
1022 996 1075 1029 καὶ
1099 994 1310 1030 κλύδωνα
1333 995 1416 1029 ὧδε
1439 997 1493 1030 καὶ
1515 996 1656 1030 ἐκεῖσε
1678 993 1839 1040 φορού-

237 1058 260 1087 μ
273 1057 288 1076 ε
300 1058 317 1078 ν
328 1059 346 1077 ο
358 1059 373 1079 ς
399 1043 556 1079 άστατως
580 1045 758 1088 ὑπομενῃς,
782 1042 861 1076 αλλ’
887 1058 949 1084 ινα,
976 1043 1096 1087 ὥσπερ
1123 1057 1138 1076 ε
1151 1043 1161 1076 ἶ
1173 1057 1200 1078 ς
1210 1042 1357 1087 ..λιμενα
1380 1058 1399 1076 τ
1410 1042 1428 1086 ὴ
1441 1058 1458 1077 ν
1482 1042 1502 1076 ἀ
1513 1058 1533 1088 ρ
1547 1057 1560 1076 ε
1573 1058 1592 1077 τ
1603 1042 1621 1086 ὴ
1634 1058 1651 1077 ν
1680 1057 1701 1076 α
1692 1042 1742 1087 ’φ
1754 1056 1763 1075 ι
1777 1057 1794 1076 κ
1807 1043 1839 1075 6-

238 1105 384 1134 μενος7
402 1092 608 1132 βεβαίως
635 1091 880 1135 ἱδρυνθῇςῖ
908 1089 1057 1124 James
1048 1101 1070 1122 1.
1090 1091 1121 1124 6.

285 1137 453 1171 Βεΐθι·ίιι8
470 1139 602 1182 potiori
626 1137 792 1171 insidiari
808 1148 841 1182 Ρ.
864 1139 929 1171 195
956 1137 1169 1179 πεπλάνηται
1193 1138 1252 1180 τῆς
1276 1137 1364 1182 πρὸς
1388 1137 1569 1178 εὐσέβειαν
1595 1137 1676 1171 ὁδοῦ
1703 1136 1838 1182 θρησ-

240 1199 256 1217 κ
269 1184 368 1219 είαν
391 1184 464 1219 ἀντὶ
483 1187 659 1228 ὁσιότητος
675 1183 882 1229 ἡγούμενοςῑ
911 1183 1034 1217 James
1051 1183 1073 1217 1.
1093 1184 1149 1218 27.

286 1242 319 1276 Ρ.
351 1233 416 1266 196
446 1232 766 1275 ἐπιστομίζων
798 1232 900 1266 ταῖς
931 1234 991 1265 τοῦ
1027 1231 1222 1265 συνειδότος
1251 1230 1402 1273 ἡνίαις
1430 1232 1489 1264 τὸν
1515 1231 1643 1275 αὐθάδη
1668 1230 1841 1276 δρόμον

238 1278 422 1323 γλώττη
436 1293 462 1322 ς,
484 1279 527 1313 ef.
551 1279 641 1312 Uul.
661 1278 766 1312 Nom.
787 1289 821 1323 p.
843 1279 923 1320 615,
943 1277 1043 1312 Sacr.
1065 1278 1133 1312 Ab.
1155 1282 1188 1311 et
1206 1276 1241 1312 C.
1265 1279 1356 1312 171:
1381 1277 1532 1311 James
1522 1278 1574 1312 111.
1594 1280 1625 1312 2.

285 1336 318 1370 Ρ.
340 1327 406 1360 199
423 1326 514 1371 πηγὴ
531 1327 645 1371 λόγων
659 1325 787 1360 διάνοια
802 1325 855 1358 καὶ
874 1326 1016 1377 στόμιον
1027 1325 1129 1368 αὐτῆς
1145 1326 1295 1371 λόγος,
1281 1325 1333 1359 ότι
1350 1326 1392 1359 τὰ
1410 1324 1627 1370 ενθυμὴματα
1644 1325 1699 1359 διὰ
1716 1323 1838 1359 τούτου

239 1372 389 1418 καθάπερ
408 1373 537 1417 νάματα
555 1372 752 1417 ἀναχεῖταιζ
778 1371 928 1405 James
918 1371 970 1406 lii.
993 1373 1047 1405 10.

285 1430 319 1464 Ρ.
354 1421 423 1454 200
457 1420 512 1465 ἀχ
524 1420 600 1453 αλ
590 1435 599 1453 ι
611 1435 627 1454 ν
639 1434 665 1453 ω
699 1422 930 1464 κεχρημένους
961 1419 1111 1471 γλώττῃ.
1144 1418 1188 1454 Cf.
1220 1418 1336 1453 Somn.
1366 1417 1415 1452 M.
1450 1418 1472 1453 i.
1500 1429 1534 1464 Ρ.
1564 1421 1632 1453 695
1659 1420 1698 1453 τὸ
1729 1420 1842 1464 στόμα

240 1466 404 1502 εάσαντες
428 1455 736 1521 ἀχαηλίνωτον,
754 1466 937 1499 Ποηαφσῆ.
958 1466 994 1499 11.
1014 1477 1047 1510 p.
1068 1467 1157 1499 219:
1186 1465 1336 1499 James
1326 1476 1348 1499 1.
1369 1465 1424 1500 26.

286 1513 423 1548 Poste7.
456 1514 505 1549 Ca
485 1515 560 1547 αὲηί
585 1515 654 1548 230
679 1513 751 1547 and
776 1515 856 1556 231,
875 1524 895 1546 a
916 1512 1138 1558 description
1165 1512 1204 1546 os
1227 1512 1289 1546 the
1315 1513 1530 1558 δίψυχος,
1552 1524 1622 1557 esp.
1645 1513 1750 1549 ὅντως
1773 1513 1840 1558 γὰρ

236 1559 453 1650 ἕτρέπτω
482 1561 610 1606 ψυχῇ
640 1562 755 1606 πρὸς
781 1561 858 1595 τὸν
884 1560 1119 1605 ἷίτρεπτον
1146 1561 1260 1594 Θεὸν
1284 1561 1396 1604 μόνη
1421 1560 1660 1604 πρόσοδός
1685 1561 1840 1595 ἐστινῖ

264 1617 360 1641 ames
378 1619 388 1640 1
422 1608 440 1642 7
473 1608 503 1642 8.

285 1654 330 1688 ιΖ).
356 1656 470 1689 Θεοῦ
497 1654 577 1699 μὲν
601 1653 723 1689 ἰ’διον
750 1654 933 1697 στάσις,
951 1656 1186 1700 γενέσεως
1214 1653 1258 1688 δέ
1284 1654 1571 1698 μετάβασιςῖ
1599 1653 1750 1688 James
1740 1653 1840 1696 1.17,

238 1700 291 1736 iii.
312 1702 343 1735 6.

286 1759 320 1793 Ρ.
340 1750 410 1782 244
434 1748 453 1792 ἡ
479 1750 566 1793 πρὸς
584 1749 670 1783 Θεὸν
687 1748 776 1791 ὁδὸς,
794 1748 853 1782 ἅτε
874 1748 1050 1788 βασιλέως
1067 1747 1165 1791 οἷ’]σα,
1184 1748 1320 1783 εἷκότως
1341 1747 1537 1791 ὠνόμασται
1561 1749 1586 1789 β
1598 1763 1618 1782 α
1630 1763 1655 1783 σ
1667 1748 1711 1782 ιλ
1723 1763 1733 1782 ι
1746 1763 1763 1782 κ
1775 1747 1838 1792 6.

239 1794 278 1839 ἢν
297 1797 315 1829 ὁ
333 1797 433 1840 νόμος
450 1796 545 1829 καλεῖ
562 1798 651 1830 Θεοῦ
667 1794 778 1840 ῥῆμαῑ
805 1794 930 1828 James
947 1795 983 1828 ii.
1005 1796 1034 1828 8.

286 1853 320 1887 Ρ.
339 1844 406 1876 261
425 1842 485 1886 τὴν
501 1843 687 1888 μισάρετον
704 1843 757 1876 καὶ
775 1841 963 1887 φιλήδονον
979 1856 1002 1886 γ
1014 1845 1029 1875 ἐ
1041 1856 1084 1876 νε
1097 1857 1121 1877 σ
1133 1857 1143 1876 ι
1155 1857 1182 1882 ν,
1201 1841 1244 1877 Cf.
1264 1841 1380 1875 above
1396 1853 1429 1886 Ρ.
1453 1842 1516 1876 177
1534 1857 1540 1876 :
1568 1841 1692 1876 James
1709 1842 1762 1876 iii.
1783 1843 1814 1876 6.

288 1889 388 1923 Deus
406 1890 541 1924 immut.
560 1901 594 1934 p.
614 1891 684 1923 284
701 1889 740 1948 οὐ
756 1890 859 1934 μόνον
877 1889 1019 1923 δικάσας
1036 1889 1136 1932 ελεεῖ,
1155 1888 1234 1922 ἀλλ’
1261 1888 1409 1933 ἐλεήσας
1435 1889 1570 1931 δικάζει·
1597 1889 1838 1935 πρεσβύτερος

239 1937 308 1981 γὰρ
327 1935 453 1979 δίκης’
437 1952 455 1970 ο
472 1937 568 1972 ἕλεος
587 1935 666 1981 παρ’
685 1936 776 1983 αὐτῷ
792 1936 910 1970 ἐστινί
937 1935 1088 1969 James
1078 1936 1116 1970 11.
1139 1938 1191 1970 13.

289 1982 527 2027 Aqricultura
551 1994 585 2028 Ρ.
605 1984 673 2017 316
697 1972 830 2017 οὗδεν”
812 1996 907 2017 εστιν
925 1981 942 2016 ὃ
962 1982 1006 2027 μὴ
1030 1984 1145 2027 πρὸς
1172 1982 1338 2027 ἡδονῆς
1365 1982 1630 2017 δελεασθὲν
1659 1982 1841 2018 εἵλκυσ-

240 2045 259 2064 τ
272 2044 323 2072 αι,
350 2030 393 2064 cf.
411 2041 446 2075 p.
467 2032 545 2072 512,
565 2030 645 2072 568,
663 2029 700 2064 11.
721 2041 755 2075 p.
774 2030 854 2072 470,
873 2030 964 2064 474:
992 2028 1142 2063 James
1133 2033 1229 2063 1.14.

286 2087 320 2122 Ρ.
341 2079 408 2111 322
435 2076 516 2112 ὅταν
544 2079 562 2110 ὁ
588 2078 740 2122 πόλεμος
768 2076 907 2122 ἐγγὺς
940 2076 1012 2109 καὶ
1047 2077 1122 2110 ἐπι
1156 2076 1299 2122 θύρας
1333 2075 1387 2111 ὢν
1419 2077 1480 2121 ἤδη
1509 2078 1680 2122 τυγχάνῃῖ
1717 2076 1842 2111 Jalues

241 2134 275 2157 v.
299 2125 331 2165 8,
350 2126 382 2158 9.

288 2170 346 2204 De
362 2171 595 2205 Plantatione
620 2182 655 2217 p.
675 2173 742 2205 335
761 2185 778 2204 κ
790 2186 810 2204 α
822 2171 872 2205 θ’
854 2187 873 2204 α
885 2185 910 2205 π
923 2186 937 2204 ε
948 2186 969 2217 ρ
987 2170 1140 2216 ἀνίσχων
1161 2186 1179 2214 η
1168 2171 1213 2203 λ
1226 2185 1236 2204 ι
1248 2185 1265 2204 o
1278 2185 1293 2206 ς
1315 2187 1333 2205 ο
1321 2171 1366 2203 “R
1380 2186 1397 2204 ο
1409 2186 1426 2205 ν
1449 2171 1507 2205 τὸν
1525 2171 1670 2216 οὐρανοῦ
1687 2169 1811 2205 κύκλο
1822 2187 1840 2206 ν

241 2218 297 2261 φ’
282 2232 296 2250 ε
308 2232 364 2263 γγ
375 2232 392 2251 ο
403 2233 421 2252 υ
434 2233 449 2253 ς
472 2218 491 2251 ἀ
505 2234 522 2252 ν
534 2233 553 2251 α
564 2233 589 2252 π
599 2219 622 2251 λ
634 2233 652 2262 η
665 2233 685 2263 ρ
697 2233 714 2251 ο
725 2219 746 2257 ἶ,
765 2219 823 2252 τὸν
840 2219 940 2252 αὐτὸν
955 2220 1082 2263 τρόπον
1100 2219 1132 2252 αἱ
1151 2217 1272 2263 ἀρετῆς
1289 2217 1420 2253 ἀκτῖνες
1442 2217 1696 2262 ἀναλάμψασαι
1712 2219 1751 2252 τὸ
1770 2219 1839 2252 δια-

240 2264 332 2344 νῖοίας
356 2265 482 2310 χωρίον
507 2267 636 2310 μεστὸν
665 2266 769 2310 αὐγῆς
798 2265 947 2311 καθαρᾶς
974 2265 1232 2311 ἀπεργάζονται,
1262 2264 1305 2299 Cf.
1337 2276 1372 2310 Ρ.
1404 2267 1483 2307 566,
1514 2267 1593 2307 631,
1621 2265 1659 2299 11.
1686 2275 1720 2310 Ρ.
1747 2268 1837 2299 254.

269 2322 366 2345 ames
383 2311 479 2346 1.17.

288 2357 346 2391 De
362 2357 544 2392 Ebrietate
569 2370 601 2402 p.
622 2361 689 2392 368
707 2359 764 2393 τὸν
781 2374 816 2393 εν
837 2358 937 2403 ψυχη
963 2362 1049 2393 τῶν
1074 2359 1334 2404 ἐπιθυμιῶν
1359 2358 1594 2403 ἐμφύλιον
1619 2359 1838 2404 πόλεμον,

239 2403 284 2438 cf.
326 2404 464 2440 Victim.
499 2406 534 2439 11.
572 2408 640 2439 253
682 2405 768 2452 ὅτῳ
810 2406 1096 2457 ἐγκάθηνται
1137 2407 1209 2440 καὶ
1259 2406 1533 2451 ἐλλοχῶσιν
1574 2406 1838 2450 επιθυμίαι,

239 2450 367 2497 alsop.
387 2453 466 2493 445,
484 2454 563 2495 678,
582 2452 619 2487 11
640 2454 730 2486 2Ο5;
750 2441 882 2486 Jameq
900 2463 947 2487 1v
970 2456 998 2486 1.

290 2498 348 2532 De
368 2497 465 2543 Cous.
485 2499 648 2542 LGyuae
673 2510 706 2544 p
726 2502 793 2532 412
819 2501 874 2545 βρ
887 2500 994 2535 αδὺς
1019 2500 1213 2544 ὠφελῆσαι,
1237 2515 1322 2544 ταχ
1335 2500 1353 2533 ὺ
1366 2515 1381 2535 ς
1405 2499 1567 2544 βλάψαιῑ
1595 2498 1745 2533 James
1736 2500 1836 2534 1.19.

289 2544 347 2579 De
364 2545 471 2589 Miqr.
493 2546 580 2579 Aby.
600 2557 634 2590 Ρ.
653 2549 721 2579 445
740 2560 767 2580 ει
784 2547 850 2591 γάρ
867 2561 918 2581 τις
934 2546 1120 2590 βουληθείη
1138 2548 1215 2580 τὸν
1241 2546 1382 2592 όχλον
1407 2548 1513 2591 μιᾶς
1535 2547 1662 2591 ψυχὴ
1676 2562 1691 2581 ς
1717 2548 1838 2581 διανεῖ-

241 2607 301 2673 μαι
326 2592 549 2627 πολλὰς
532 2608 581 2627 αν
607 2592 736 2637 εὕροι
760 2593 922 2636 τάξεις
951 2592 1265 2638 ἀκοσμοῦσας.
1292 2599 1336 2628 ὼν
1359 2592 1562 2637 ἡδοναὶ
1546 2608 1564 2636 η
1591 2593 1839 2639 ἐπιθυμίαι

275 2641 341 2673 .καὶ
359 2640 393 2673 αἱ
410 2638 536 2673 τούτων
554 2641 732 2684 συγγενεῖς
748 2640 1000 2685 ταξιαρχοῦσι.
1027 2640 1176 2673 James
1167 2651 1214 2673 lv.
1237 2643 1265 2674 1.

288 2686 333 2720 ib.
352 2685 451 2722 οὗτος
469 2688 486 2719 ὁ
504 2687 583 2731 ὅρος
602 2687 677 2720 εστὶ
691 2689 750 2720 τοῦ
767 2688 929 2731 μεγαλου,
950 2688 987 2719 τὸ
1005 2688 1052 2734 τῷ
1071 2690 1146 2734 Θεῷ
1164 2686 1409 2732 συνεγγίζειν
1394 2703 1412 2731 η
1431 2685 1458 2734 ᾠ
1476 2689 1493 2720 ὁ
1519 2688 1602 2723 Θεὸς
1620 2689 1834 2733 συνεγγίζειῑ

241 2733 389 2767 Junes
379 2745 427 2767 1v.
447 2735 478 2767 8.

287 2792 320 2825 Ρ.
339 2781 409 2814 454
425 2780 530 2825 μηδεν
547 2779 607 2814 οῦν
623 2778 706 2823 μήτε
730 2783 797 2814 τῶν
815 2780 862 2814 εἷς
874 2780 1039 2838 ευλογίας
1066 2781 1118 2814 καὶ
1146 2781 1256 2825 εὐχας,
1276 2780 1359 2825 μήτε
1386 2784 1453 2815 τῶν
1472 2781 1518 2816 εἷς
1535 2782 1766 2826 βλασφημίας
1783 2784 1837 2816 καὶ

238 2828 380 2872 κατάρας
397 2828 452 2861 επὶ
469 2842 542 2862 ταις
556 2843 590 2861 εν
607 2828 770 2877 προφορᾷ
789 2826 953 2869 διεξόδοις
979 2827 1206 2872 άναφερεσθω
1231 2827 1400 2872 μᾶλλον
1384 2843 1403 2871 η
1424 2829 1562 2873 διανοίᾳ.
1581 2828 1642 2873 αφ
1658 2845 1698 2881 ης
1716 2830 1836 2875 ὥσπερ

238 2874 306 2908 απὸ
324 2876 433 2919 πηγῆς
450 2876 606 2919 ἑκάτερον
623 2871 711 2908 εἶδος
736 2877 803 2907 τῶν
818 2873 1010 2918 λεχθεντων
1027 2875 1252 2918 δοκιμάζεται,
1275 2874 1316 2908 Cf.
1331 2886 1366 2919 p.
1381 2877 1471 2909 199:
1498 2865 1648 2909 James
1640 2876 1834 2919 111.10,11.

286 2924 436 2966 11.-155
423 2922 490 2956 (ι’σα
510 2920 537 2954 δ
557 2936 596 2954 (ιν
612 2922 656 2965 μὴ
676 2920 816 2964 ε1’ρι’σκῃ
834 2936 904 2964 παρ
929 2922 1037 2968 ἑαυτῷ
1055 2921 1088 2964 (ὁ
1109 2921 1246 2965 δίκαιος)
1260 2923 1317 2956 τὸν
1335 2924 1437 2965 μόνον
1455 2924 1678 2966 πάμπλουτον
1696 2925 1837 2958 αἰτεῖται
