1974 3298
82 181 152 218 {111
184 179 327 218 17-1V
360 177 397 230 1]
800 178 976 216 NOTES
1612 180 1684 217 129

136 288 212 325 IV.
242 283 464 337 1.-πόθεν.]
514 286 571 322 St.
588 285 616 322 J
618 298 726 322 ames
746 286 780 321 is
800 286 918 321 much
937 286 1059 335 given
1079 290 1121 323 to
1141 288 1210 324 the
1231 301 1300 325 use
1317 288 1358 325 of
1378 288 1447 325 the
1468 288 1688 337 interroga-

79 342 180 384 tive,
201 354 264 377 see
285 341 323 377 ii.
348 341 384 384 4,
407 341 442 384 5,
467 340 502 383 6,
527 340 560 385 7,
587 340 648 383 14,
674 339 734 385 15,
759 340 820 383 16,
847 340 908 384 19,
933 340 995 384 20,
1019 341 1082 384 21,
1100 342 1232 385 25,111.
1259 343 1320 386 11,
1347 343 1406 388 12,
1433 344 1493 386 13,
1515 344 1566 379 iv.
1591 343 1626 386 4,
1649 343 1686 385 5,

88 396 149 440 12,
183 395 242 431 14.
302 395 381 430 For
408 393 478 431 the
508 393 723 442 repetition
752 394 792 429 of
820 393 934 431 πόθεν
955 406 1018 430 see
1048 394 1104 431 iii.
1139 397 1159 431 9
1193 398 1230 432 ἐν
1258 398 1364 446 αὐτῇ,
1395 397 1420 433 1.
1456 398 1501 433 19
1533 396 1686 446 βραδύς.

87 448 231 486 Notiee
259 448 351 484 that
377 448 446 484 the
476 449 653 496 severity
676 446 718 483 of
747 447 829 484 this
856 448 1020 491 section,
1042 460 1087 484 as
1113 447 1154 484 of
1186 449 1275 485 that
1295 450 1424 486 which
1445 462 1690 487 commences

83 500 212 540 'below
232 501 332 538 with
352 514 388 537 V.
423 501 483 545 13,
504 499 540 537 is
566 501 732 537 marked
759 502 812 550 by
838 501 907 537 the
935 502 1104 538 absence
1131 501 1172 537 of
1197 503 1268 539 the
1294 503 1400 539 word
1425 503 1595 554 ἀδελφοί.

143 562 288 605 πόλεμοι.
309 562 366 593 καὶ
391 550 534 605 {nixae}
588 555 714 591 These
735 554 834 591 need
856 556 927 591 not
948 555 995 591 be
1015 552 1172 591 limited
1191 560 1234 592 to
1253 557 1359 593 their
1379 570 1535 593 nam-ow
1557 570 1693 595 sense:

89 610 159 647 the
187 610 336 646 former
365 609 528 645 denotes
558 622 639 658 any
658 609 808 656 lasting
827 613 1086 655 resentment,
1110 610 1179 646 the
1199 610 1322 646 latter
1342 624 1421 659 any
1442 613 1631 648 outburst
1651 611 1692 647 of

88 663 261 713 passion.
321 663 512 712 Compare
545 663 662 699 Titus
696 663 750 700 iii.
776 664 797 699 9
819 664 945 712 μωρὰς
974 662 1013 700 δὲ
1042 664 1332 712 ζητήσεις...καὶ
1362 665 1453 713 ἕρεις
1482 666 1542 702 καὶ
1569 666 1693 716 μάχας

92 718 243 766 νομικὰς
275 717 513 766 περιίστασο,
544 717 592 753 ib.
627 730 661 753 V.
701 718 736 760 2,
768 718 790 752 2
820 717 919 753 Tim.
949 717 988 753 ii.
1014 718 1062 752 22
1086 716 1127 760 f.,
1150 717 1236 754 Gal.
1261 731 1296 755 V.
1325 719 1383 763 15,
1409 720 1430 754 2
1454 719 1542 756 Cor.
1565 720 1630 756 Vii.
1655 720 1689 756 5.

88 772 171 808 The
190 771 288 807 verb
308 772 477 821 μάχομαι
495 771 529 806 is
551 771 645 806 used
667 770 708 806 of
721 770 883 820 chiding
903 783 948 806 or
968 771 1176 819 disputing
1196 771 1238 807 in
1259 771 1359 808 Gen.
1380 773 1486 809 xxxi.
1507 774 1570 815 36,
1586 774 1690 810 Neh.

92 826 175 862 xiii.
201 826 261 869 11,
282 825 393 862 John
414 826 465 860 vi.
489 826 553 861 52.
613 825 663 860 So
679 824 720 859 in
735 826 851 861 other
871 825 1030 861 writers
1052 837 1110 861 we
1131 825 1232 862 have
1252 826 1441 874 πολέμους
1461 827 1520 863 καὶ
1540 827 1695 866 στάσεις

88 880 154 917 καὶ
172 879 296 929 μάχας
316 878 419 916 οὐδὲν
450 879 548 915 ἄλλο
581 878 735 928 παρέχει
766 877 789 927 ἢ
820 879 862 916 τὸ
890 881 1000 927 σῶμα
1031 879 1092 915 καὶ
1125 880 1163 916 αἱ
1196 880 1330 917 τούτου
1360 881 1547 929 ἐπιθυμίαι
1576 880 1696 917 Plato

92 933 248 970 Plicleclo
280 934 328 969 66
360 933 389 969 O
412 931 500 982 (not
524 937 532 952 ‘
550 932 754 968 Phaedrus
783 933 862 969 xv?
892 945 935 968 as
966 931 1222 982 Beyschlag),
1259 933 1337 970 Cio.
1370 933 1460 970 Fin.
1492 935 1516 970 i.
1552 935 1612 971 123.
1645 935 1694 971 43

92 987 326 1036 cupiditates
345 994 437 1023 sunt
457 985 699 1022 insatiabiles
714 999 810 1034 quae
825 999 905 1023 non
917 986 1028 1022 modo
1040 987 1216 1034 sinqulos
1231 987 1400 1024 homines
1413 989 1477 1025 secl
1493 989 1698 1025 universas

91 1041 269 1080 familias
289 1047 472 1086 evertunt,
497 1047 614 1076 totam
634 1040 751 1076 eliam
771 1039 1009 1087 labefactant
1029 1054 1136 1089 saepe
1156 1054 1236 1078 ‘rem
1250 1042 1458 1090 publicam.
1517 1043 1580 1079 Ex
1595 1043 1701 1091 cupi-

92 1095 284 1132 ditatibus
313 1095 417 1137 odia,
448 1094 631 1136 discidia,
661 1094 891 1138 discordiae,
923 1095 1140 1139 seditiones,
1181 1095 1276 1132 bella
1314 1098 1700 1134 wasemium-...intus

95 1150 213 1186 etiam
241 1151 285 1186 in
314 1148 460 1185 (animis
489 1148 661 1184 inclusae
682 1148 785 1185 inter
812 1162 849 1185 se
877 1149 1067 1185 dissident
1087 1155 1120 1185 et
1141 1149 1379 1194 discordant,
1402 1150 1550 1187 Seneca
1568 1152 1641 1188 ,Io-a
1663 1152 1699 1187 3.

96 1204 118 1240 5
149 1206 265 1240 eliam
284 1202 354 1239 illa
370 1202 517 1251 plebeial
536 1202 600 1238 ira
620 1208 653 1237 el
672 1203 830 1250 privata
857 1203 1000 1239 inerme
1033 1209 1067 1239 et
1096 1203 1179 1240 sine
1209 1204 1359 1241 viribus
1389 1204 1523 1241 bellum
1553 1212 1618 1248 esc,
1648 1206 1696 1241 il).

99 1258 147 1294 35
178 1258 255 1294 ista
276 1270 372 1305 quae
392 1256 585 1305 appetitis,
617 1256 713 1303 quia
741 1269 819 1292 ozon
842 1263 1009 1305 possunt
1038 1257 1090 1293 ad
1119 1258 1283 1294 alterum
1313 1259 1396 1295 rnisi
1432 1259 1546 1296 alteo-i
1574 1266 1701 1308 erepla,

91 1310 320 1358 transferri,
350 1311 479 1347 eadem
510 1309 782 1358 affectantibus
810 1324 988 1359 puqnam
1018 1317 1052 1347 el
1076 1311 1221 1359 juryia
1240 1313 1421 1357 eaecitcmt,
1444 1313 1561 1350 Philo
1582 1314 1640 1350 M.
1665 1314 1701 1350 2.

97 1379 132 1415 p.
158 1366 232 1402 205
255 1367 289 1403 οἱ
308 1364 501 1413 Ἑλλήνων
521 1364 581 1401 καὶ
600 1364 1162 1415 βαρβάρων...τραγῳδηθέντες
1181 1367 1341 1415 πόλεμοι
1361 1368 1495 1407 πάντες
1523 1368 1596 1405 ἀπὸ
1616 1370 1702 1416 μιᾶς

94 1422 216 1469 πηγῆς
236 1420 432 1468 ἐρρύησαν,
457 1418 649 1467 ἐπιθυμίας
661 1416 684 1467 ἢ
697 1419 898 1468 χρημάτων
913 1417 936 1469 ἢ
951 1419 1059 1468 δόξης
1079 1417 1102 1468 ἢ
1115 1420 1248 1469 ἡδονῆς
1263 1421 1322 1471 (111
1337 1421 1507 1470 Concup.
1526 1435 1561 1471 p.
1578 1422 1654 1459 449
1670 1421 1698 1458 f.

97 1474 147 1510 he
159 1480 290 1510 traces
304 1478 374 1510 out
390 1473 460 1509 the
473 1473 553 1508 evil
568 1485 857 1521 consequences
871 1474 912 1510 of
932 1474 1026 1510 each
1044 1474 1192 1522 species
1206 1474 1247 1510 of
1267 1476 1441 1524 ἐπιθυμία
1457 1483 1501 1512 at
1518 1475 1676 1524 length)
1693 1489 1703 1521 ;

99 1528 231 1576 Epicb.
252 1528 359 1564 Diss.
382 1527 437 1563 iii.
462 1527 524 1563 20.
550 1527 597 1562 18
618 1527 710 1576 πρὸς
729 1527 771 1564 τὸ
791 1527 985 1577 παιδάριον
1005 1528 1183 1576 πόλεμος,
1204 1529 1297 1578 πρὸς
1316 1530 1401 1569 τοὺς
1420 1530 1598 1579 γείτονας,
1612 1531 1704 1579 πρὸς

97 1582 183 1622 τοὺς
212 1582 445 1632 σκώψαντας,
466 1581 558 1629 πρὸς
584 1582 670 1620 τοὺς
699 1582 1040 1631 καταγελάσαντας,
1063 1582 1111 1618 il).
1134 1583 1157 1619 i.
1183 1583 1246 1628 22,
1277 1583 1383 1620 TeSt.
1415 1583 1526 1620 Patr.
1564 1597 1602 1633 p.
1624 1584 1702 1620 538

98 1637 141 1674 τὸ
161 1639 304 1685 πνεῦμα
323 1638 389 1673 τοῦ
409 1635 551 1683 φθόνου
571 1636 696 1684 ἀγριοῖ
712 1635 780 1684 τὴν
799 1637 934 1686 ψυχὴν,
957 1638 1073 1686 ὀργὴν
1093 1636 1153 1674 καὶ
1181 1637 1350 1686 πόλεμον
1379 1638 1533 1689 παρέχει
1566 1639 1626 1676 καὶ
1656 1640 1706 1678 εἷς

100 1690 241 1739 αἵματα
260 1690 468 1739 παροξύνει,
492 1689 614 1725 Clem.
636 1688 751 1726 Rom.
776 1690 825 1726 46
849 1690 906 1727 ἵνα
925 1690 966 1728 τί
982 1691 1073 1736 ἕρεις
1093 1690 1154 1728 καὶ
1175 1692 1284 1740 θυμοὶ
1305 1692 1366 1729 καὶ
1385 1691 1626 1743 διχοστασίαι
1646 1692 1706 1730 καὶ

93 1745 297 1795 ’σχίσματα
319 1743 486 1792 πόλεμός
514 1759 554 1780 τε
582 1745 619 1780 ἐν
643 1744 753 1791 ῧμῖν;

154 1799 216 1830 οὐκ
233 1795 407 1848 {va-essem]
466 1796 692 1833 Pleonastic
713 1796 848 1834 before
869 1800 907 1835 ἐκ
927 1801 998 1836 τῶν
1016 1797 1167 1847 ἡδονῶν,
1188 1798 1271 1836 like
1292 1800 1384 1849 αὕτη
1403 1801 1446 1836 in
1466 1801 1491 1836 i.
1515 1800 1577 1845 27,
1600 1800 1707 1840 οὗτος

98 1853 142 1888 111
161 1853 185 1890 1.
211 1851 271 1898 25,
295 1852 432 1890 ἄνωθεν
452 1851 494 1887 111
514 1851 539 1887 1.
565 1850 626 1895 17,
648 1851 811 1901 serving
831 1855 874 1888 to
895 1852 1014 1902 bring
1033 1856 1105 1889 out
1125 1853 1235 1890 What
1256 1853 1412 1891 follows
1432 1855 1519 1892 into
1540 1855 1706 1904 sharper

96 1905 225 1943 relies.

153 1963 221 1993 τῶν
247 1959 377 2003 ἡδονῶν
406 1961 473 1991 τῶν
501 1958 777 2002 στρατευομένων
805 1959 838 1992 ἐν
867 1963 940 1995 τοῖς
971 1958 1140 2012 μέλεσιν.]
1196 1962 1278 1998 The
1307 1963 1505 2012 potential
1525 1963 1707 2012 pleasure

104 2013 240 2051 seated
277 2013 320 2048 in
358 2012 453 2048 each
491 2012 667 2048 member
705 2013 946 2049 constitutes
978 2026 1002 2049 a
1035 2014 1181 2052 hostile
1212 2015 1329 2063 force,
1365 2030 1389 2053 a
1422 2016 1486 2054 foe
1519 2018 1632 2067 lying
1664 2018 1707 2054 in

97 2067 273 2104 ambush
292 2066 452 2115 against
472 2065 603 2102 which
622 2079 681 2103 we
702 2066 804 2103 have
832 2067 1086 2117 continually
1115 2072 1157 2105 to
1188 2070 1236 2106 be
1264 2083 1316 2108 on
1345 2083 1418 2107 0111·
1446 2072 1585 2121 guard.
1645 2071 1706 2109 Cf.

98 2122 177 2158 Tit.
201 2121 256 2158 iii.
281 2122 302 2157 3
324 2120 559 2160 δουλεύοντες
579 2120 786 2169 ἐπιθυμίαις
805 2121 865 2158 καὶ
884 2120 1031 2169 ἡδοναῖς
1049 2123 1244 2170 ποικίλαις,
1276 2125 1300 2160 4
1333 2124 1455 2162 Mace.
1487 2126 1539 2162 Vi.
1575 2126 1623 2162 35
1644 2127 1709 2164 τὸν

95 2175 289 2226 ,λογισμὸν
308 2177 380 2212 τῶν
397 2173 536 2223 ἡδονῶν
555 2176 700 2224 κρατεῖν
720 2175 780 2212 καὶ
797 2174 912 2223 μηδὲν
930 2177 1057 2216 αὐταῖς
1075 2178 1244 2222 ὑπείκειν,
1260 2178 1308 2216 ib.
1326 2192 1363 2216 V.
1387 2180 1436 2216 22
1456 2179 1709 2231 (φιλοσοφία)

104 2229 359 2278 σωφροσύνην
379 2228 584 2266 ἐκδιδάσκει
603 2228 700 2266 ὥστε
719 2231 851 2266 πασῶν
869 2232 941 2267 τῶν
959 2229 1097 2278 ἡδονῶν
1117 2232 1176 2269 καὶ
1206 2233 1404 2282 ἐπιθυμιῶν
1423 2236 1579 2283 κρατεῖν,
1601 2235 1705 2272 Xen.

106 2284 218 2320 Mem.
242 2284 267 2319 i.
291 2284 325 2319 2.
349 2283 398 2319 23
421 2285 458 2320 ἐν
476 2284 526 2333 τῷ
546 2284 642 2333 αὐτῷ
662 2283 808 2331 σώματι
824 2285 1174 2333 συμπεφυτευμέναι
1193 2287 1240 2336 τῇ
1255 2288 1357 2338 ψυχῇ
1373 2289 1410 2325 αἶ
1424 2288 1552 2337 ἡδοναὶ
1566 2289 1710 2328 πείθου-

106 2355 167 2376 σιν
187 2337 300 2386 αὐτὴν
318 2337 370 2385 μὴ
390 2338 611 2386 σωφρονεῖν,
632 2336 680 2373 ib.
703 2338 738 2373 5.
763 2337 784 2373 6
806 2336 1028 2376 δουλεύοντα
1046 2338 1202 2387 ἡδοναῖς.
1247 2341 1326 2378 For
1345 2342 1415 2379 the
1435 2343 1646 2392 metaphor
1657 2343 1707 2381 cf.

104 2392 175 2428 the
194 2391 361 2440 parallel
380 2403 546 2440 passage
566 2389 607 2427 in
640 2391 656 2426 1
690 2390 776 2428 Pet.
809 2391 849 2428 ii.
884 2393 928 2428 11
961 2396 1165 2442 παρακαλῶ
1193 2395 1400 2446 ἀπέχεσθαι
1427 2400 1498 2434 τῶν
1527 2401 1712 2447 σαρκικῶν

107 2446 304 2494 ἐπιθυμιῶν
327 2444 460 2485 αἵτινες
480 2445 745 2494 στρατεύονται
765 2446 857 2483 κατὰ
876 2448 941 2494 τῆς
961 2449 1091 2497 ψυχῆς,
1113 2448 1228 2486 Rom.
1251 2450 1318 2486 vii.
1343 2451 1392 2487 23
1422 2451 1557 2499 βλέπω
1587 2453 1710 2502 ἕτερον

108 2500 222 2548 νόμον
242 2502 279 2536 ἐν
298 2501 375 2538 τοῖς
393 2498 550 2547 μέλεσίν
568 2515 640 2547 μου
659 2500 1036 2549 ἀντιστρατευόμενον
1056 2504 1105 2552 τῷ
1121 2503 1219 2554 νόμῳ
1234 2506 1300 2541 τοῦ
1312 2505 1395 2545 νοός
1409 2522 1492 2553 μου,
1508 2506 1554 2542 ib.
1574 2506 1625 2543 Vi.
1648 2508 1708 2551 13,

108 2554 195 2590 Gal.
219 2566 254 2590 V.
282 2553 328 2589 19
350 2552 392 2599 f.,
414 2552 530 2589 Philo
551 2552 609 2590 M.
627 2553 658 2589 1.
675 2566 710 2602 p.
727 2553 803 2589 445
820 2554 915 2594 εἴτις
926 2554 1133 2604 βουληθείη
1148 2557 1212 2594 τὸν
1225 2557 1341 2609 ὄχλον
1352 2562 1439 2607 μιᾶς
1450 2563 1570 2610 ψυχῆς
1585 2561 1710 2610 ὥσπερ

107 2608 200 2645 κατὰ
221 2607 305 2655 ἔθνη
326 2606 515 2655 διανεῖμαι,
536 2608 684 2647 πολλὰς
704 2607 747 2644 ἂν
767 2608 865 2657 εὕροι
876 2609 997 2653 τάξεις
1011 2611 1265 2658 ἇκοσμούσας,
1279 2612 1326 2649 ὧν
1341 2613 1503 2662 ἡδοναὶῆ
1526 2615 1712 2663 ἐπιθυμίαι

106 2660 130 2710 ἦ
150 2663 266 2698 λῦπαι
286 2660 308 2709 ἢ
329 2661 778 2712 φόβοι...ταξιαρχοῧσιν.
837 2662 913 2698 For
937 2665 974 2700 ἐν
992 2665 1070 2703 τοῖς
1087 2664 1244 2713 μέλεσιν
1264 2679 1327 2703 see
1346 2667 1472 2703 above
1502 2669 1555 2704 iii.
1581 2669 1601 2704 6
1632 2670 1712 2706 and

107 2728 289 2764 compare
306 2715 454 2760 Hatch,
477 2727 512 2764 p.
540 2715 627 2759 111,
649 2715 738 2752 who
758 2715 857 2753 cites
877 2716 995 2753 Philo
1015 2717 1072 2754 M.
1099 2719 1130 2755 1.
1159 2732 1196 2768 p.
1229 2719 1303 2756 511
1337 2721 1383 2758 τὰ
1412 2721 1584 2770 σώματος
1611 2724 1713 2773 πάθη

103 2770 248 2819 σαρκὸς
267 2769 501 2817 ἐκπεφυκότα
521 2766 545 2819 ᾗ
564 2769 889 2819 προσερρίζωνται,
911 2771 959 2807 ib.
983 2784 1018 2820 p.
1045 2773 1120 2808 692
1142 2774 1184 2810 τὸ
1204 2774 1382 2824 ἡμέτερον
1402 2778 1510 2824 σῶμα
1532 2777 1591 2813 καὶ
1611 2779 1657 2814 τὰ
1677 2781 1714 2817 ἐν

107 2826 204 2874 αὐτῷ
225 2823 284 2860 καὶ
306 2822 348 2860 δι’
371 2823 459 2860 αὐτὸ
480 2823 697 2872 ἐγγινόμενα
715 2824 827 2872 πάθη,
848 2825 898 2861 il).
922 2825 978 2862 M.
1001 2827 1034 2862 2.
1057 2839 1093 2875 p.
1115 2827 1191 2863 253
1209 2828 1280 2878 ὅτῳ
1298 2830 1517 2879 ἐγκάθηνται
1533 2831 1591 2867 καὶ
1610 2835 1714 2870 ἐλλο-

104 2880 206 2929 χῶσι
223 2877 434 2922 πλεονεξίαι
455 2877 514 2914 καὶ
536 2877 723 2926 ἐπιθυμίαι
742 2881 813 2916 τῶν
833 2878 987 2916 ἀδικιῶν.

1528 2950 1554 2975 Κ
