1974 3298
540 211 727 248 INDEX
754 211 821 249 TO
851 211 1045 249 GREEK
1078 213 1272 250 WORDS
1631 211 1705 248 251

108 332 137 355 c.
160 318 231 366 ὕλη
247 330 254 354 :
282 317 338 354 iii.
362 317 385 353 5
406 317 537 366 ἡλίκον
555 319 627 366 πῦρ
646 317 780 366 ἡλίκην
798 317 892 365 ὕλην
910 318 1072 355 ἀνάπτει.

107 373 231 420 ὖμεῖςῑ
262 384 325 408 see
345 372 405 409 σύ.

107 425 236 475 ὗπάγω
253 438 259 460 :
289 426 328 461 ii.
354 426 400 461 16
422 425 581 475 ὑπάγετε
601 427 638 461 ἐν
658 424 791 474 εἰρήνῃ.

106 479 259 529 ὑπάρχω
277 492 283 514 2
312 479 351 515 ii.
378 479 424 514 15
448 480 509 515 ἐὰν
527 478 689 526 ἀδελφὸς
708 477 732 526 ἦ
752 477 898 527 ἀδελφὴ
917 479 1049 527 γυμνοὶ
1068 479 1293 529 ὑπάρχωσιν.

106 532 197 581 ὑπέρ
214 546 220 568 :
250 545 286 568 V.
308 532 355 569 16
377 532 531 582 εὔχεσθε
549 533 640 580 ὑπὲρ
659 532 847 580 ἀλλήλων.

106 586 363 635 ὗπερήφανοςῑ
393 587 446 623 iv.
470 586 529 622 6
514 603 533 623 ο
553 586 644 625 Θεὸς
663 585 912 661 ὑπερηφάνοις
930 586 1203 623 ἀντιτάσσεται.

105 640 203 678 ὑπόῑ
234 639 343 690 (with
363 641 456 688 acc.)
478 639 519 675 ii.
545 640 580 683 3,
601 652 636 676 v.
663 640 709 675 12
726 639 877 689 ‚with
894 639 997 688 9622.)
1019 640 1042 675 i.
1070 640 1128 685 14,
1148 640 1189 676 ii.
1210 640 1244 683 9,
1264 640 1316 677 iii.
1337 640 1371 684 4,
1390 640 1444 677 iii.
1468 641 1501 678 6.
1553 640 1624 677 See
1644 653 1706 690 pp.

215 695 340 737 cxcix,
361 706 414 730 cc.

104 747 330 798 ὑπόδειγμα.
362 760 398 784 V.
424 748 472 783 10
492 746 695 797 ὑπόδειγμα
713 746 854 794 λάβετε
872 748 937 795 τῆς
957 747 1190 787 κακοπαθιας.

105 801 354 852 ὗποδέχομαιε
385 801 424 838 ii.
449 801 497 837 25
474 800 769 868 νῧποδεξαμενη
788 801 874 840 τοὺς
893 800 1084 864 ἀγγέλους.

105 856 297 904 ὕπομένω;
326 855 350 892 i.
368 855 438 891 45*
444 844 661 903 μακάριος
642 871 733 903 ανηρ
753 853 792 894 ὃς
811 854 982 902 ὑπομένει
1001 855 1219 903 πειρασμόν,
1235 868 1271 892 V.
1291 856 1333 891 11
1359 856 1608 905 μακαριζομεν
1626 856 1712 896 τοὺς

213 909 487 958 ὑπομείναντας.

105 963 273 1013 ὖπομονή
290 977 296 999 2
326 963 350 999 i.
375 964 396 999 3
418 963 460 1000 τὸ
480 962 644 1010 δοκίμιον
662 963 727 1010 τῆς
746 962 906 1001 πίστεως
925 962 1185 1012 κατεργάζεται
1197 963 1394 1012 ὑπομονήν,
1414 963 1438 1000 i.
1458 964 1480 1000 4
1501 965 1523 1013 ἡ
1543 964 1711 1013 ὑπομονὴ

215 1017 324 1067 ἔργον
342 1017 483 1054 τέλειον
503 1016 627 1066 ἐχέτω,
649 1028 685 1053 V.
712 1016 755 1051 11
780 1016 847 1064 τὴν
865 1016 1054 1064 ὑπομονὴν
1072 1014 1161 1063 Ἰώβ
1180 1017 1375 1065 ἠκούσατε.

106 1085 133 1108 e.
157 1070 380 1109 ὗποπόδιονῑ
410 1070 449 1107 ii.
475 1070 496 1106 3
518 1070 588 1107 ὑπὸ
607 1070 650 1106 τὸ
670 1068 870 1106 ὑποπόδιόν
888 1086 971 1118 μου.

105 1126 310 1163 ὖποτάσσω
327 1138 334 1161 :
362 1124 414 1160 iv.
439 1123 460 1161 7
482 1124 691 1173 ὑποτάγητε
711 1122 774 1160 οὖν
791 1125 842 1174 τῷ
860 1125 949 1174 Θεῷ.

104 1180 220 1229 ὕψοςτ
250 1179 273 1215 i.
299 1180 319 1215 9
343 1179 362 1215 ὁ
382 1178 550 1217 ταπεινὸς
570 1180 607 1214 ἐν
625 1179 676 1228 τῷ
695 1177 778 1227 ὕψει
797 1179 918 1215 αὐτοῦ.

104 1233 230 1283 ὖψόωτ
259 1232 312 1268 iv.
333 1233 382 1269 10
403 1231 440 1282 (ὁ
462 1229 615 1280 Κύριος)
636 1231 776 1281 ὑψώσει
796 1233 899 1280 ὑμᾶς.
960 1232 1060 1269 Adel.

889 1384 921 1416 Φ

105 1453 276 1503 φάγομαι
295 1466 301 1489 :
331 1465 395 1490 See
417 1453 540 1491 ἐσθίω.

105 1507 224 1556 φαίνω
241 1520 247 1543 :
277 1507 329 1544 iv.
356 1507 404 1543 14
425 1508 533 1556 ἀτμὶς
551 1508 573 1556 ἡ
593 1507 686 1556 πρὸς
706 1507 836 1557 ὀλίγον
856 1507 1071 1556 φαινομένη.

105 1563 250 1610 φαῦλος
267 1575 273 1597 :
302 1561 356 1598 iii.
383 1561 430 1597 16
451 1564 525 1599 πᾶν
545 1563 692 1610 φαῦλον
711 1564 876 1611 πρᾶγμα.

106 1615 233 1665 φεύγω
250 1628 256 1651 1
286 1615 336 1653 iV.
363 1614 384 1652 7
406 1616 602 1663 ἀντίστητε
621 1617 671 1666 τῷ
691 1614 869 1666 διαβόλῳ,
891 1615 951 1652 καὶ
972 1615 1146 1662 φεύξεται
1166 1615 1232 1665 ἀφ’
1255 1617 1364 1664 ὑμῶν.

106 1669 252 1718 φθονέω
271 1669 315 1719 (2)
334 1682 341 1705 ἱ
369 1669 421 1706 iv.
446 1670 468 1705 2
491 1670 662 1717 φθονεῖτε
682 1669 742 1706 καὶ
761 1672 927 1718 ζηλοῦτε.

107 1723 268 1772 φθόνοςῑ
297 1723 349 1760 iv.
372 1723 395 1760 5
417 1724 508 1772 πρὸς
528 1723 669 1772 φθόνον
689 1724 859 1761 ἐπιποθεῖ
876 1724 917 1761 τὸ
938 1725 1089 1771 πνεῦμα.

105 1790 134 1813 c.
159 1777 292 1826 φιλίαῑ
323 1778 373 1814 iV.
398 1777 421 1813 4
441 1778 464 1825 ἡ
486 1777 595 1826 φιλία
615 1779 680 1814 τοῦ
701 1777 855 1826 κόσμου.

106 1831 242 1880 φίλοςῑ
272 1831 312 1867 ii.
337 1832 384 1868 23
408 1832 520 1880 φίλος
538 1833 633 1868 Θεοῦ
653 1831 803 1880 ἐκλήθη,
824 1832 874 1868 iv.
899 1831 923 1867 4
945 1831 1058 1880 φίλος
1076 1833 1141 1869 τοῦ
1162 1832 1316 1880 κόσμου.

105 1898 134 1922 c.
158 1885 328 1935 φλογίζω
345 1898 352 1921 :
382 1885 435 1922 iii.
461 1886 483 1922 6
504 1886 527 1934 ἡ
547 1888 709 1936 γλῶσσα
730 1885 968 1935 φλογίζουσα
987 1885 1051 1923 τὸν
1069 1886 1205 1937 τροχὸν
1223 1888 1288 1935 τῆς
1302 1887 1482 1937 γενέσεως
1502 1887 1561 1924 καὶ
1582 1890 1716 1938 φλογν

213 1939 347 1988 ζομένη
366 1939 437 1977 ὑπὸ
456 1941 521 1988 τῆς
539 1939 695 1990 γεέννης.

106 1993 273 2042 φονεύωῑ
303 1993 342 2030 ii.
368 1993 412 2029 11
437 1994 490 2042 μὴ
510 1994 920 2044 φονεύσῃς...φονεύεις
939 1992 988 2038 δέ,
1010 1993 1061 2030 iV.
1086 1993 1107 2029 2
1130 1995 1195 2031 οὐκ
1216 1994 1328 2045 ἔχετε·
1361 1996 1533 2041 φονεύετε
1554 1994 1611 2046 (2),
1630 1993 1717 2046 VJ‘6·

213 2047 441 2096 ἐφονεύσατε
459 2048 524 2085 τὸν
539 2047 687 2085 δίκαιον.

104 2100 228 2150 φορέω
244 2114 250 2137 :
280 2101 319 2138 ii.
346 2101 368 2137 3
389 2102 453 2139 τὸν
473 2104 659 2150 φοροῦντα
679 2102 747 2150 τὴν
766 2102 906 2150 ἐσθῆτα
925 2101 992 2150 τὴν
1011 2102 1196 2151 λαμπράν.

104 2167 134 2191 c.
158 2155 336 2204 φρίσσωί
366 2155 405 2192 ii.
433 2156 479 2192 19
503 2156 562 2193 καὶ
581 2157 627 2193 τὰ
647 2155 815 2204 δαιμόνια
837 2156 1084 2205 φρίσσουσιν.

106 2209 233 2257 φυλήῖ
263 2210 287 2246 i.
314 2210 330 2245 1
354 2211 435 2250 ταῖς
455 2209 592 2247 δώδεκα
613 2211 761 2259 φυλαῖς.

105 2262 243 2311 φύσιςῖ
273 2263 330 2300 iii.
354 2262 376 2301 7
397 2266 502 2301 πᾶσα
523 2264 638 2313 φύσις
658 2263 857 2312 δαμάζεται
875 2264 921 2313 τῇ
942 2263 1165 2313 ἀνθρωπίνῃ.

105 2319 206 2366 φῶςῖ
236 2317 261 2354 i.
287 2317 334 2354 17
356 2318 428 2356 ἀπὸ
447 2320 513 2356 τοῦ
533 2317 672 2367 πατρὸς
691 2321 762 2355 τῶν
782 2318 924 2367 φώτων.
983 2317 1084 2354 Add.

889 2472 925 2505 X

105 2573 223 2624 χαίρω
240 2586 246 2609 ;
277 2573 301 2610 i.
327 2574 344 2609 1
369 2571 548 2622 Ἰάκωβος
567 2575 648 2614 ταῖς
668 2573 803 2611 δώδεκα
820 2575 958 2621 φυλαῖς
976 2573 1126 2625 χαίρειν.

105 2641 176 2665 (αθ.
197 2627 463 2678 χαλιναγωγέω
480 2641 487 2663 :
516 2628 539 2665 i.
561 2629 609 2665 26
626 2629 679 2677 μὴ
698 2630 965 2679 χαλιναγωγῶν
984 2630 1168 2678 γλῶσσαν
1187 2630 1328 2672 ἑαυτοῦ,
1344 2628 1396 2665 iii.
1414 2629 1436 2664 2
1451 2627 1601 2670 δυνατὸς
1612 2632 1717 2681 χαλι-

214 2698 431 2731 ναγωγησαι
449 2699 491 2719 το
512 2699 632 2730 σωμα.

106 2735 282 2786 χαλινόςῖ
311 2735 366 2772 iii.
391 2736 413 2772 3
434 2736 519 2775 τοὺς
538 2736 714 2786 χαλινοὺς
733 2738 783 2775 εἷς
801 2737 847 2773 τὸ.
867 2736 1039 2785 στόματα
1058 2736 1268 2784 βάλλομεν.

106 2790 203 2840 χαρά
220 2802 226 2825 :
265 2789 290 2825 i.
331 2790 354 2825 2
393 2792 520 2827 πᾶσαν
557 2791 676 2840 χαρὰν
712 2789 923 2840 ἡγήσασθε,
954 2790 1005 2827 iv.
1041 2791 1062 2826 9
1093 2791 1116 2839 ἡ
1145 2791 1243 2840 χαρὰ
1282 2792 1331 2830 εἷς
1360 2791 1564 2840 κατήφειαν
1593 2791 1718 2842 (μετα-

213 2841 416 2892 τραπήτω).

104 2897 212 2948 χάρις
231 2910 237 2934 :
268 2897 320 2934 iv.
344 2898 365 2934 6
388 2896 478 2946 (bis)
499 2896 648 2935 δίδωσιν
676 2897 793 2948 χάριν.
