1974 3298
253 183 334 220 248
691 182 876 219 INDEX
904 182 971 219 ΤΟ
1000 181 1195 219 GREEK
1222 182 1421 219 WORDS

249 288 420 336 πλῆθοςῖ
449 299 486 322 V.
511 287 562 322 20
583 287 742 336 καλύψει
760 286 904 334 πλῆθος
924 287 1121 335 ἁμαρτιῶν.

251 341 428 390 πληρόωῑ
456 341 496 376 11.
520 341 569 376 23
592 340 825 389 ἐπληρώθη
807 357 830 388 η
849 340 989 389 γραφή.

250 394 441 443 πλησίονῑ
470 394 509 430 11.
535 394 558 429 S
579 394 787 444 ἀγαπήσεις
805 393 870 431 τὸν
889 393 1055 441 πλησιον
1075 410 1147 431 σου
1166 395 1212 434 ὡς
1231 394 1400 437 σεαυτόν,
1420 394 1470 431 iV.
1499 395 1545 430 12
1577 395 1597 432 ὃ
1626 395 1755 444 κρίνων
1787 395 1853 433 τὸν

358 447 533 496 πλησίον.

249 504 406 538 πλοῖον;
437 501 490 537 111.
515 501 538 536 4
561 500 638 538 ἰδοὺ
659 501 719 538 καὶ
738 501 785 538 τὰ
808 502 935 537 πλοῖα.

247 556 453 595 πλούσιοςῑ
481 555 504 591 1.
531 555 579 591 10
601 553 834 604 (καυχάσθω)
856 555 875 591 ὁ
895 554 1078 594 πλούσιος
1109 557 1146 592 ἐν
1175 557 1225 605 τῇ
1254 555 1482 599 ταπεινώσει,
1504 555 1528 592 1.
1551 556 1595 591 11
1619 556 1639 593 ὃ
1667 556 1850 595 πλούσιος

357 611 394 646 ἐν
422 610 502 648 ταῖς
531 608 694 656 πορείαις
711 608 1000 657 μαρανθήσεται,
1022 609 1061 644 11.
1084 608 1107 644 5
1130 609 1324 653 ἐξελέξατο
1342 609 1427 648 τοὺς
1446 609 1615 659 πτωχοὺς
1643 610 1850 649 πλουσίους

355 665 392 700 ἐν
410 662 546 705 πίστει,
568 662 606 698 11.
631 663 653 698 6
675 663 744 712 οὐχ
763 663 797 699 οἱ
824 662 1002 699 πλούσιοι
1031 662 1412 700 καταδυναστεύουσιν
1431 664 1556 712 imam,-
1584 676 1620 700 V.
1647 664 1664 699 1
1698 664 1765 714 ἄγε
1785 665 1849 700 νῦν

358 717 392 753 οἱ
411 717 590 754 πλούσιοι
610 716 809 753 κλαύσατε.

250 772 411 809 πλοῦτος
430 784 436 806 :
465 783 502 806 V.
527 771 548 805 2
571 771 590 806 ὃ
610 772 772 809 πλοῦτος
791 771 890 818 ὑμῶν
909 769 1084 818 σέσηπεν.

249 826 415 873 πνεῦμαί
444 823 484 860 11.
509 824 557 859 26
591 824 633 860 τὸ
668 826 777 872 σῶμα
809 823 921 874 χωρὶς
939 824 1146 872 πνεύματος
1165 824 1303 873 νεκρόν,
1323 824 1375 860 iv.
1399 823 1421 859 5
1447 824 1489 861 τὸ
1521 826 1663 872 πνεῦμα
1700 823 1719 860 ὃ
1740 824 1853 874 κατῴ-

359 893 462 915 κισεν
482 880 520 914 ἐν
538 878 636 925 ἡμῖν.

250 932 363 969 πόθεν
380 944 386 967 :
416 931 467 967 iv.
493 932 510 966 1
534 931 648 969 πόθεν
665 931 825 979 πόλεμοι
845 931 904 967 καὶ
924 931 1036 968 πόθεν
1054 931 1196 981 μάχαι,-

251 985 384 1022 ποιέωῖ
406 985 445 1021 11.
469 986 492 1021 S
514 987 633 1024 καλῶς
647 986 794 1027 ποιεῖτε,
811 985 850 1021 11.
876 985 923 1021 19
945 987 1064 1024 καλῶς
1083 986 1209 1025 ποιεῖς,
1230 984 1269 1021 11.
1289 985 1335 1021 12
1357 986 1470 1025 οὕτως
1488 987 1639 1023 λαλεῖτε
1659 986 1719 1022 καὶ
1739 986 1853 1025 οὕτως

354 1039 533 1082 ποιεῖτε,
523 1040 562 1075 11.
589 1040 637 1075 13
658 1041 708 1075 τῶ
734 1039 786 1087 μὴ
815 1039 1021 1098 ποιήσαντι
1045 1039 1158 1081 ἔλεος,
1179 1039 1307 1074 111.12
1336 1039 1390 1087 μὴ
1419 1039 1571 1076 δύναται
1599 1042 1695 1099 συκῆ
1726 1039 1853 1079 ἐλαιας

355 1095 540 1141 ποιῆσαι..
551 1093 682 1143 ,γλυκυ
701 1095 855 1141 ποιῆσαι
873 1092 1005 1140 ὕδωρ,
996 1092 1118 1128 11118
1138 1094 1215 1132 τοῖς
1234 1095 1405 1130 ποιοῦσιν
1424 1094 1579 1153 εἰρήνην,
1601 1093 1652 1130 iV.
1678 1094 1725 1129 13
1746 1093 1851 1141 ποιή-

351 1163 468 1195 σομεν
488 1148 562 1183 εκεῖ
580 1146 754 1189 ἐνιαυτόν,
775 1147 825 1182 iV.
853 1146 900 1181 15
921 1162 1128 1194 ποιήσομεν
1147 1149 1257 1183 τοῦτο
1290 1145 1314 1194 ἢ
1335 1148 1461 1184 ἐκεῖνο.
1484 1148 1534 1183 iv.
1562 1147 1608 1184 17
1645 1146 1755 1185 εἰδότι
1785 1146 1850 1184 οὖν

355 1201 470 1238 καλὸν
502 1202 620 1238 ποιεῖν
653 1217 712 1237 και
742 1201 795 1248 μὴ
827 1202 994 1236 ποιοῦντι
1027 1200 1188 1249 ἁμαρτια
1221 1201 1336 1245 ἐστίν,
1358 1214 1395 1237 V.
1436 1201 1482 1237 15
1519 1200 1586 1238 κᾶν
1617 1201 1797 1251 ἁμαρτίας
1826 1199 1852 1251 ᾐ

357 1254 571 1302 πεποιηκώς.
630 1254 702 1290 See
722 1267 758 1302 p.
780 1266 888 1290 CCXX.

249 1322 278 1345 e.
301 1308 474 1356 ποίησιςῑ
505 1308 528 1343 1.
553 1307 601 1343 25
622 1308 801 1355 μακάριος
820 1310 857 1344 ἐν
875 1309 923 1357 τῇ
942 1323 1091 1355 ποιησει
1111 1309 1233 1344 αὐτοῦ.

250 1362 404 1410 ποιητὴς
423 1375 429 1397 ;
459 1362 482 1397 i.
508 1363 556 1397 22
577 1361 727 1409 ποιηταὶ
745 1361 874 1411 λόγου,
897 1361 957 1397 καὶ
975 1377 1028 1409 μη
1047 1361 1223 1409 ἀκροαταὶ
1243 1361 1370 1409 μόνον,
1392 1362 1415 1398 1.
1441 1363 1490 1398 23
1521 1363 1704 1411 ἀκροατὴς
1731 1362 1852 1412 λόγου

355 1415 415 1452 καὶ
435 1417 477 1452 οὗ
496 1432 661 1463 ποιητης,
683 1415 706 1450 1.
730 1414 779 1450 25
801 1415 956 1463 ποιητὴς
977 1414 1097 1464 ἔργου,
1118 1415 1240 1451 1ν.11
1265 1416 1420 1464 ποιητὴς
1440 1416 1564 1464 νόμου.

246 1469 436 1509 ποικίλος;
468 1469 491 1504 1.
516 1470 538 1504 2
561 1469 649 1506 ὅταν
667 1470 890 1517 πειρασμοῖς
909 1468 1133 1516 περιπέσητε
1153 1469 1346 1508 ποικίλοις.

250 1525 356 1563 ποῖος
375 1537 381 1559 :
411 1523 462 1558 iV.
488 1523 536 1558 14
556 1523 646 1559 ποία
666 1523 738 1572 γὰρ
757 1523 780 1571 ἡ
801 1523 874 1571 ζωὴ
893 1523 1016 1570 ὖμῶν;

249 1576 420 1625 πολεμέω
438 1590 444 1613 :
474 1577 525 1612 iV.
551 1578 571 1612 2
593 1576 763 1626 μάχεσθε
784 1576 844 1613 καὶ
863 1578 1070 1624 πολεμεῖτε.

249 1631 414 1679 πόλεμος
433 1644 439 1666 :
469 1630 521 1666 iv.
547 1631 564 1666 1
588 1630 702 1668 πόθεν
720 1630 881 1678 πόλεμοι
901 1630 961 1667 καὶ
980 1630 1124 1679 μάχαι;

245 1685 354 1724 πόλις
372 1699 378 1721 ;
409 1684 460 1720 iV.
486 1684 534 1720 13
555 1684 815 1733 πορευσόμεθα
835 1685 885 1723 εἷς
903 1683 1009 1732 τήνδε
1028 1685 1096 1732 τὴν
1116 1684 1236 1721 πόλιν.

244 1739 386 1778 πολύς;
415 1738 469 1774 111.
496 1738 513 1774 1
538 1738 590 1786 μὴ
609 1738 749 1775 πολλοὶ
769 1737 989 1775 διδάσκαλοι
1007 1738 1167 1787 γίνεσθε,
1190 1738 1244 1774 111.
1270 1739 1291 1774 2
1314 1739 1443 1775 πολλὰ
1478 1738 1658 1787 πταίομεν
1679 1738 1850 1782 ἅπαντες,

360 1804 396 1828 V.
418 1792 465 1828 16
482 1792 581 1829 πολὺ
604 1792 725 1842 ἰσχύει
745 1791 880 1839 δέησις.

248 1860 319 1882 (100.
341 1846 663 1896 πολύσπλαγχνος
681 1860 686 1881 :
716 1859 753 1881 V.
779 1846 823 1881 11
846 1846 1172 1896 πολύσπλαγχνός
1193 1848 1295 1883 ἐστιν
1314 1847 1333 1883 ὁ
1366 1847 1514 1895 Κύριος.

248 1899 429 1948 πονηρός;
460 1899 498 1935 11.
523 1900 546 1935 4
567 1900 686 1949 κριταὶ
715 1899 969 1948 διαλογισμῶν
996 1902 1175 1947 πονηρῶν,
1197 1901 1248 1936 iV.
1275 1900 1321 1936 16
1352 1903 1458 1937 πᾶσα
1488 1900 1668 1951 καύχησις
1700 1900 1852 1948 τοιαύτη

362 1954 515 2002 πονηρά.

251 2007 382 2056 πορεία
400 2021 406 2043 :
437 2008 460 2043 i.
478 2007 529 2042 ,11
555 2010 592 2044 ἐν
610 2009 690 2046 ταῖς
708 2008 871 2056 πορείαις
889 2007 1177 2056 μαρανθήσεται.

250 2061 455 2110 πορεύομαι
472 2075 478 2096 1
510 2061 560 2096 iV.
588 2062 634 2097 13
655 2061 915 2109 πορευσόμεθα
935 2063 984 2101 εἷς
1004 2060 1111 2109 τήνδε
1130 2062 1198 2110 τὴν
1217 2061 1338 2099 πόλιν.

252 2115 393 2163 πόρνηῑ
423 2115 462 2150 11.
487 2114 535 2150 25
557 2113 679 2161 Ῥαὰβ
698 2116 720 2163 ἡ
740 2115 868 2164 πόρνη.

254 2169 371 2208 πούςῑ
400 2168 440 2204 11.
464 2169 486 2204 3
508 2171 577 2205 τῶν
597 2168 717 2205 ποδῶν
737 2168 914 2205 inserbed
937 2168 1044 2205 after
1064 2168 1266 2206 ὑποπόδιον
1287 2169 1340 2217 by
1362 2181 1468 2205 some
1491 2168 1604 2205 MSS.

256 2225 431 2272 πρᾶγμαί
461 2222 515 2258 iii.
543 2223 589 2257 16
611 2225 685 2259 πᾶν
705 2224 852 2270 φαῦλον
877 2225 1042 2272 πρᾶγμα.

252 2289 280 2313 e.
303 2275 489 2324 πραΰτηςῑ
520 2276 544 2312 1.
568 2276 613 2311 21
639 2279 675 2312 ἐν
694 2276 875 2325 πραΰτητι
895 2276 1051 2321 δέξασθε
1069 2276 1134 2314 τὸν
1152 2277 1280 2327 λόγον,
1302 2277 1356 2313 111.
1383 2277 1430 2313 13
1461 2276 1612 2321 δειξάτω
1636 2277 1683 2314 τὰ
1708 2276 1797 2326 ἔργα
1819 2278 1856 2313 ἐν

366 2329 546 2377 πραΰτητι
575 2330 724 2377 σοφίας.

258 2383 516 2431 πρεσβύτερος
532 2397 538 2419 z
569 2396 606 2419 V.
632 2384 680 2419 14
699 2384 784 2422 τοὺς
803 2384 1082 2432 πρεσβυτέρους
1100 2386 1165 2432 τῆς
1186 2384 1395 2432 ἐκκλησίας.

260 2437 354 2486 πρό;
384 2450 419 2473 V.
444 2438 465 2473 9
487 2437 559 2486 πρὸ
578 2440 649 2474 τῶν
669 2438 786 2486 θυρῶν
806 2438 971 2485 ἕστηκεν,
992 2451 1028 2474 V.
1056 2438 1102 2473 12
1124 2438 1197 2487 πρὸ
1217 2436 1367 2475 πάντων
1384 2438 1437 2487 μὴ
1458 2438 1620 2486 ὀμνύετε.

262 2505 290 2528 c.
313 2491 470 2539 πρόϊμος
490 2490 685 2540 (πρώϊμος)
703 2505 709 2527 1
739 2504 775 2526 V.
801 2490 822 2528 7
844 2492 948 2528 ὑετὸν
966 2492 1124 2540 πρόϊμον
1145 2491 1206 2528 καὶ
1225 2491 1371 2540 ὄψιμον.

263 2544 378 2593 πρόςε
412 2543 526 2593 (with
555 2543 799 2594 accusative)
821 2546 872 2580 iv.
895 2544 917 2580 5
949 2545 1040 2593 πρὸς
1069 2545 1210 2593 φθόνον
1239 2545 1489 2588 ἐπιποθεῖρν.
1525 2546 1573 2582 14
1606 2545 1699 2595 πρὸς
1729 2544 1859 2595 ὀλίγον

375 2598 588 2647 φαινομένη.
648 2598 719 2634 See
738 2612 774 2647 p.
796 2598 921 2642 cxcix,
943 2612 1050 2634 ccxv.
1112 2599 1213 2635 Adel.

263 2652 456 2702 προσευχή
472 2665 478 2687 :
508 2665 544 2688 V.
570 2650 618 2689 17
639 2654 833 2702 προσευχῇ
851 2652 1090 2700 προσηύξατο
1109 2654 1175 2689 τοῦ
1192 2653 1245 2701 μὴ
1264 2653 1408 2701 βρέξαι.
1490 2654 1538 2697 '‘x„
1563 2678 1598 2698 ,λ
1615 2664 1618 2666 ’

264 2706 543 2755 προσεύχομαιῑ
573 2719 609 2741 V.
635 2707 683 2741 13
713 2706 916 2744 κακοπαθεῖ
941 2722 1019 2749 τις,·
1047 2706 1329 2756 προσευχέσθω,
1364 2720 1400 2743 V.
1436 2707 1484 2742 14
1513 2704 1859 2756 προσευξάσθωσαν

374 2758 429 2796 ἐπ’
462 2759 583 2803 αὐτόν,
604 2773 641 2796 V.
667 2760 714 2795 16
735 2760 994 2809 προσεύχεσθε
1026 2759 1121 2796 read
1142 2760 1195 2808 by
1215 2772 1321 2796 some
1341 2760 1457 2798 MSS.
1479 2760 1543 2797 for
1563 2760 1728 2811 εὔχεσθε,
1748 2772 1784 2796 V.
1810 2758 1857 2797 17

372 2814 566 2863 προσευχῇ
584 2813 836 2862 προσηύξατο,
857 2827 893 2849 V.
919 2814 966 2849 18
986 2813 1101 2850 πάλιν
1123 2813 1374 2862 προσηύξατο.

265 2866 487 2915 προσκαλέω
503 2881 510 2903 t
541 2879 577 2902 V.
604 2867 651 2902 14
671 2867 1002 2915 προσκαλεσάσθω
1021 2867 1107 2907 τοὺς
1123 2867 1412 2917 πρεσβυτέρους.
