1974 3298
167 1730 327 1774 domino,

181 198 204 235 1
236 196 328 249 1-9]

387 301 571 333 VULGATE.

268 377 393 409 CODEX
408 378 623 409 AMlArmus
640 378 696 418 (a).

228 453 315 487 I—1
345 453 498 487 Iacobus
512 453 569 487 dei
587 458 623 488 et
640 453 779 488 domini

178 509 293 543 nostri
338 508 423 542 Iesu
472 508 610 542 Christi
654 521 780 544 seruus

178 564 368 598 duodecim
402 564 571 598 tribubus
598 565 651 609 (β)
687 577 778 611 quae

178 624 264 653 sunt
289 619 328 652 in
361 619 583 665 dispersione
613 620 777 655 salutem.

178 678 199 709 2
226 674 342 709 Omne
365 674 541 719 gaudium
561 675 777 719 existimate,

178 730 304 764 fratres
330 730 413 773 mei,
441 741 523 763 cum
550 730 590 764 in
623 735 776 776 tempta-

176 785 339 819 tionibus
395 785 507 819 uariis
564 786 776 829 incideritis,

177 842 199 874 3
225 840 374 874 scientes
392 841 489 886 quod
507 841 673 886 probatio
692 841 777 876 fidei

175 899 314 929 uestrae
347 896 563 941 patientiam
596 901 775 942 operatur.

174 953 197 984 4
224 950 404 985 Patientia
433 951 480 998 (γ)
509 964 599 997 opus
623 952 775 998 perfect-

174 1017 238 1039 um
257 1006 399 1052 habeat,
418 1012 459 1042 ut
477 1008 555 1041 sitis
572 1007 722 1053 perfecti
740 1013 776 1043 et

173 1062 317 1108 integri,
345 1063 384 1096 in
419 1063 522 1097 nullo
555 1064 771 1108 deficientes.

174 1120 194 1150 5
221 1117 260 1151 Si
281 1118 363 1163 quis
388 1123 511 1153 autem
532 1124 695 1154 uestrum
718 1120 772 1154 in-

172 1173 272 1219 diget
292 1174 509 1220 sapientiam
536 1176 594 1219 (ὃ),
614 1177 773 1221 postulet

171 1241 191 1263 11
213 1229 280 1263 deo
306 1231 369 1275 qui
393 1230 455 1265 dat
478 1232 648 1265 omnibus
671 1232 772 1266 afflu-

172 1289 274 1319 enter
306 1290 343 1319 et
375 1297 449 1320 non
478 1286 699 1333 inproperat,
736 1292 773 1322 et

170 1340 319 1374 dabitur
335 1342 378 1379 ei.
428 1344 448 1376 6
469 1342 632 1377 Postulet
649 1348 771 1378 autem

169 1396 210 1430 in
235 1396 316 1440 fide,
343 1397 441 1432 nihil
474 1398 680 1435 haesitans:
707 1400 772 1445 qui

169 1452 268 1486 6111111
297 1453 339 1497 (ε)
367 1453 531 1497 haesitat,
558 1455 689 1489 similis
718 1460 771 1490 est

169 1507 298 1542 fluctui
340 1510 459 1552 maris,
495 1511 559 1555 qui
599 1522 620 1545 a
660 1516 770 1546 vento

169 1568 339 1598 mouetur
365 1569 400 1599 et
434 1565 697 1601 circumfertur.
749 1568 768 1602 7

169 1619 254 1653 Non
280 1632 362 1665 ergo
395 1621 440 1665 (ζ)
468 1622 635 1656 aestimet
660 1622 769 1657 homo

166 1674 231 1709 ille
265 1676 363 1720 quod
396 1677 549 1722 accipiat
581 1678 723 1723 aliquid
749 1690 770 1713 a

379 1734 400 1766 8
441 1733 500 1766 uir
540 1733 677 1779 duplex
723 1735 767 1779 (η)

166 1787 298 1830 animo,
317 1788 525 1822 inconstans
542 1789 583 1823 in
600 1790 770 1825 omnibus

165 1842 238 1876 uiis
255 1843 339 1877 suis.
391 1846 412 1878 9
439 1843 627 1879 Glorietur
645 1850 768 1880 autem

165 1897 278 1932 frater
300 1898 454 1933 humilis
480 1900 520 1934 in
545 1901 766 1936 exaltatione

166 1965 230 1987 sua
247 1966 255 1994 ;

197 2034 238 2065 (a)
258 2035 269 2059 1
285 2034 357 2060 have
370 2036 459 2061 taken
472 2037 531 2061 this
545 2037 617 2063 from
632 2038 766 2064 Tischen-

164 2067 253 2093 dorf’s
272 2069 381 2094 edition
406 2070 438 2095 of
454 2072 528 2097 18:34.
549 2072 603 2097 but
621 2073 693 2098 have
713 2074 766 2098 not

162 2102 289 2133 thought
301 2103 325 2128 it
337 2110 488 2135 necessary
501 2106 532 2130 to
546 2113 679 2137 preserve
694 2108 765 2132 such

163 2136 301 2168 spellings
339 2144 371 2162 as
407 2139 587 2167 mechaberis.
621 2148 762 2171 merorem,

160 2170 343 2200 praetiosum.
393 2171 405 2196 1
437 2171 508 2197 have
538 2175 692 2205 compared
716 2175 765 2200 the

162 2203 295 2235 readings
327 2205 359 2229 of
394 2205 442 2230 the
480 2207 575 2232 Codex
612 2208 764 2234 Fuldensis

160 2236 301 2267 (Ranke’s
310 2238 354 2263 ed.
364 2239 443 2271 1868)
450 2240 505 2264 and
516 2240 576 2265 also
586 2241 669 2267 those
678 2243 709 2267 of
715 2243 765 2268 the

161 2271 285 2301 genuine
309 2272 459 2302 Speculum
479 2275 632 2305 Auynstini
655 2276 765 2307 (edited

162 2304 200 2335 by
213 2304 364 2332 Weihrich.
379 2307 464 2339 along
477 2308 548 2332 with
560 2309 610 2334 the
629 2310 765 2340 spurious

162 2337 325 2369 Speculum,
348 2340 443 2365 which
462 2341 574 2367 follows
594 2343 623 2368 in
645 2343 696 2369 the
714 2345 765 2370 3rd

161 2371 238 2402 coL).
258 2372 314 2397 The
324 2375 447 2405 genuine
456 2376 603 2405 Speculum
615 2377 638 2401 is
648 2378 764 2410 usually

161 2412 193 2430 so
214 2406 289 2431 close
311 2408 341 2432 to
363 2408 413 2433 the
434 2409 554 2440 Vulgate
578 2411 643 2435 that
666 2412 687 2436 it
711 2412 763 2437 has

160 2439 230 2463 been
244 2439 370 2472 thought
388 2442 452 2467 that
466 2444 629 2475 Augustine
648 2445 766 2471 himself

160 2473 228 2504 only
237 2480 307 2504 gave
321 2475 369 2500 the.
383 2476 552 2508 references,
565 2478 621 2503 and
635 2480 698 2504 that
712 2480 761 2505 the

159 2512 294 2538 passages
303 2515 376 2533 were
385 2510 487 2541 copied
495 2511 568 2536 from
581 2512 629 2537 the
642 2513 761 2545 Vulgate

160 2539 199 2571 by
210 2547 226 2565 a
239 2541 313 2566 later
326 2543 426 2568 scribe.

191 2573 234 2605 (β)
251 2574 281 2600 F.
299 2577 397 2602 tribue.

191 2607 231 2641 (γ)
250 2608 279 2633 F.
296 2609 349 2634 ins.
364 2612 468 2637 autem.

191 2642 229 2671 (ὃ)
248 2642 277 2666 F.
291 2645 440 2674 sapientia.

191 2675 229 2705 (ε)
250 2675 281 2700 F.
296 2679 396 2703 autem.

191 2708 233 2740 (ζ)
251 2709 332 2741 Spec.
348 2712 419 2737 Aue.
436 2713 517 2738 enim.

186 2741 231 2773 >(η)
250 2743 279 2768 F.
295 2744 413 2775 duplici.

742 198 916 236 LATIN
946 200 1223 239 VERSIONS

984 303 1131 336 CoRnEY
1146 305 1217 338 MS.

858 453 945 487 1—1
967 454 1119 490 Iacobus
1131 456 1189 490 dei
1203 461 1239 491 et
1255 458 1396 493 domini

809 508 893 544 Iesu
911 509 1049 544 Christi
1067 524 1193 547 seruus
1210 513 1263 547 xii
1280 514 1394 549 tribu-

808 564 893 598 busa
906 577 997 610 quae
1016 571 1102 601 sunt
1118 567 1159 601 in
1172 568 1395 614 dispersione

807 620 972 655 salutem.
1024 625 1044 656 2
1076 622 1193 657 Omne
1218 624 1394 668 gaudium

808 675 1012 711 existimate
1024 677 1152 712 fratres
1164 679 1236 713 mei
1248 680 1394 724 quando

806 730 847 764 in
864 731 983 765 uarias
997 734 1254 778 temptationes
1272 735 1392 769 incur-

806 786 897 829 11113,
948 789 969 821 3
1003 788 1155 823 scientes
1180 789 1277 835 quod
1310 802 1392 836 pro-

806 841 904 875 batio
929 846 1050 877 uestra
1075 850 1246 889 operatur
1266 846 1390 881 suffer-

805 897 952 932 entiam.
997 902 1019 932 4
1038 899 1258 935 Sufferentia
1268 906 1390 937 autem

805 963 896 997 opus
930 960 1222 990 consummatum
1247 956 1389 1001 habeat,

804 1011 846 1041 ut
857 1008 935 1042 sitis
950 1012 1191 1046 consummati
1203 1016 1240 1047 et
1256 1013 1390 1059 integri

803 1063 843 1097 in
861 1064 965 1098 nullo
983 1065 1200 1102 deficientes.
1253 1072 1273 1102 5
1292 1069 1341 1103 Et
1358 1070 1388 1104 si

803 1118 862 1152 cui
887 1123 1050 1154 uestrum
1075 1121 1174 1156 deest
1199 1124 1388 1169 sapientia,

801 1178 902 1219 petat
919 1175 1027 1219 adeo,
1040 1177 1126 1222 quia
1136 1178 1199 1212 dat
1217 1180 1389 1215 omnibus

802 1227 1020 1273 simpliciter
1032 1235 1068 1264 et
1078 1243 1153 1265 non
1165 1232 1386 1279 inproperat,

801 1287 837 1317 et
850 1283 998 1319 dabitur
1009 1285 1077 1320 illi.
1117 1290 1138 1321 6
1152 1287 1255 1322 Petat
1265 1294 1388 1325 autem

801 1339 841 1372 in
874 1340 945 1374 fide
971 1341 1065 1376 nihi]
1097 1342 1296 1380 dubitans:
1323 1347 1388 1392 qui

800 1399 923 1429 autem
965 1397 1111 1433 dubitat
1153 1400 1285 1435 similis
1334 1407 1388 1437 est

800 1450 930 1485 fluctui
971 1454 1091 1497 maris,
1127 1455 1191 1500 qui
1216 1468 1236 1490 a
1277 1462 1388 1492 uento

799 1505 917 1541 fertur
949 1512 985 1542 et
1019 1508 1182 1545 defertur
1200 1523 1207 1546 :
1259 1512 1279 1547 7
1321 1525 1388 1548 nec

799 1567 918 1607 speret
943 1575 978 1598 se
1004 1563 1114 1599 homo
1132 1566 1195 1601 ille
1213 1569 1387 1613 quoniam

799 1618 953 1663 accipiet
978 1619 1119 1665 aliquid
1153 1634 1173 1656 a
1206 1623 1386 1659 domino.b

800 1675 820 1706 8
840 1673 961 1708 Homo
979 1675 1119 1721 duplici
1138 1678 1242 1712 corde
1260 1679 1383 1714 incon-

799 1732 897 1775 stans
930 1730 970 1764 in
1003 1732 1174 1767 omnibus
1199 1735 1270 1769 uiis
1297 1737 1381 1771 suis.

799 1786 820 1818 9
838 1784 1025 1820 Glorietur
1040 1792 1164 1823 autem
1180 1789 1291 1825 frater
1315 1791 1384 1826 hu-

798 1840 898 1874 milis
915 1841 955 1875 in
971 1842 1170 1879 altitudine
1188 1857 1272 1891 sua;

832 1920 846 1934 ἢ
865 1921 915 1947 MS
930 1923 1029 1948 tribus.

832 1953 848 1973 b
867 1955 933 1981 Full
947 1958 1015 1989 stop
1029 1958 1059 1983 in
1073 1959 1133 1985 MS.

1761 203 1784 239 3

1428 305 1644 347 Quotations
1689 305 1782 339 from

1426 360 1487 394 the
1574 361 1782 395 SPECULUM

1425 415 1782 451 111111Ρ11130111111ΑΝ.1

1459 494 1469 514 1
1488 496 1547 521 The
1556 497 1652 522 oldest
1660 496 1738 522 MSS.
1752 497 1783 521 of

1424 528 1474 554 the
1485 530 1590 555 former
1602 538 1649 555 are
1659 530 1707 561 (F)
1718 529 1780 555 Flo-

1424 563 1572 590 riam-usis,
1593 564 1727 594 assigned
1749 564 1781 589 to

1424 596 1473 620 the
1486 597 1541 621 eud
1552 598 1583 621 of
1594 597 1642 622 the
1656 597 1705 622 7111
1716 604 1781 622 cen-

1425 630 1492 659 tury
1521 631 1681 662 (Palaeoyr.
1716 632 1776 656 Soc.

1425 663 1484 688 Ser.
1500 664 1528 688 11
1552 671 1578 695 p.
1595 665 1648 695 34),
1662 664 1705 695 (S)
1717 665 1779 689 563-

1423 697 1565 728 sorianus,
1574 697 1779 729 (M)Micha‹21i-

1422 736 1487 760 nus,
1496 731 1525 761 (a
1533 731 1630 762 11111111)
1641 731 1777 757 Βτιενίῑιῐη

1422 763 1779 796 Theodulpl1i‚allbelong-

1422 796 1472 828 ing
1489 798 1520 823 10
1539 799 1588 823 the
1607 798 1657 823 sth
1676 805 1708 823 or
1726 799 1775 824 oth

1422 831 1552 863 century.
1594 831 1652 857 The
1676 833 1778 864 quota-

1420 864 1499 889 tions
1542 865 1615 889 from
1662 866 1777 891 Priscil-

1418 897 1479 923 lian
1509 905 1556 924 are
1586 898 1715 924 inclosed
1747 901 1774 925 in

1420 939 1524 963 square
1538 933 1673 958 brackets
1721 933 1779 959 The

1420 966 1524 997 figures
1538 966 1642 991 denote
1660 966 1710 992 the
1729 974 1778 999 pa-

1419 1006 1468 1030 ges
1487 1000 1516 1024 in
1530 1000 1702 1025 Weihrich’s
1720 1001 1777 1026 and

1420 1033 1555 1065 Schepss'
1570 1034 1704 1060 editions.
