1974 3298
567 173 753 209 INDEX
782 172 850 210 OF
881 173 1074 211 GREEK
1105 174 1303 212 WORDS
1658 177 1730 213 241

134 276 268 326 ἡδονήτ
299 277 352 313 iV.
378 278 395 314 1
420 280 491 315 τῶν
509 277 646 326 ἡδονῶν
664 280 735 314 τῶν
754 278 1055 326 στρατευομένων
1075 282 1112 316 ἐν
1130 281 1209 320 τοῖς
1227 281 1384 329 μέλεσιν
1410 282 1520 330 ὑμῶν,
1541 282 1592 319 iv.
1625 283 1647 319 3
1679 283 1735 320 ἵνα

245 334 283 368 ἐν
301 333 382 371 ταῖς
400 331 547 380 ἡδοναῖς
566 331 814 379 δαπανήσητε.

136 383 290 424 εΗλιάςῑ
322 398 357 421 V.
384 384 431 423 17
451 384 585 425 εΗλίας
603 385 793 434 ἅνθρωπος
811 384 857 433 ἦν
876 386 1105 434 ὁμοιοπαθὴς
1124 388 1221 435 ἡμῖν.

134 438 284 487 ἡλίκοςῑ
316 439 370 476 iii.
394 439 417 475 5
438 439 569 487 ἡλίκον
587 440 659 487 πῦρ
678 439 812 487 ἡλίκην
831 439 926 487 ὕλην
946 440 1108 477 ἀνάπτει,

134 493 263 539 ἥλιοςε
293 493 317 529 1.
344 493 387 529 11
412 493 595 530 ἀνέτειλεν
613 493 633 529 ὁ
653 492 768 540 ἥλιος.

134 547 258 595 ἡμεῖςῑ
291 559 354 583 ¹qe&
374 547 455 596 ἐγώ.

134 600 274 649 ἡμέρα;
306 613 341 638 V.
368 601 390 636 3
412 603 449 637 ἐν
469 600 645 650 ἐσχάταις
663 599 826 648 ἡμέραις,
846 612 882 636 V.
906 599 928 636 5
951 601 997 640 ὡς
1013 603 1050 637 ἐν
1069 601 1188 651 ἡμέρᾳ.
1208 605 1372 653 σφαγῆς.

921 725 952 758 Θ

135 819 339 857 θάλασσαε
369 819 391 857 1.
419 821 440 856 6
463 819 619 857 κλύδωνι
639 820 849 867 θαλάσσης.

133 886 164 909 c.
187 873 466 923 θανατηφόροςῑ
498 873 554 910 iii.
577 874 600 910 8
623 872 818 924 (γλῶσσα)
838 874 962 921 μεστὴ
980 874 1035 910 ἰοῦ
1055 874 1328 924 θανατηφόρου.

135 927 314 967 θάνατοςε
344 928 368 963 i.
396 928 442 963 15
463 928 486 975 ἡ
507 927 545 964 δὲ
565 927 726 976 ἁμαρτία
745 929 900 964 ἀποκυεῖ
918 927 1087 971 θάνατον,
1108 941 1144 964 V.
1170 930 1219 964 20
1240 930 1358 967 σώσει
1373 931 1497 981 ψυχὴν
1513 934 1552 969 ἐκ
1568 933 1738 970 θανάτου.

135 981 233 1019 θέλω
251 995 258 1017 2
289 981 328 1017 ii.
354 982 403 1017 20
424 981 543 1020 θέλεις
562 980 600 1018 δὲ
615 984 771 1030 γνῶναι;
801 982 851 1018 iV.
880 981 925 1016 15
949 982 1012 1018 ἐὰν
1032 983 1051 1018 ὃ
1074 982 1212 1030 Κύριος
1232 984 1388 1034 θελήσῃ.

134 1035 227 1074 Θεός
244 1050 250 1072 :
282 1035 306 1071 i.
333 1035 349 1070 1
373 1037 468 1072 Θεοῦ
488 1035 548 1072 καὶ
568 1035 708 1083 Κυρίου
728 1038 757 1071 Ι.
778 1038 824 1071 X.
848 1034 990 1079 δοῦλος,
1011 1035 1034 1071 1.
1058 1035 1081 1071 5
1103 1037 1204 1084 παρὰ
1223 1039 1288 1074 τοῦ
1307 1037 1470 1078 διδόντος
1488 1042 1593 1083 Θεοῦ,
1627 1041 1651 1077 1.
1692 1041 1738 1076 13

243 1089 316 1126 ἀπὸ
335 1091 430 1126 Θεοῦ
461 1089 693 1138 πειράζομαι,
713 1089 761 1125 ib.
779 1093 823 1125 Θ.
854 1089 1090 1137 ἀπείραστος,
1106 1090 1130 1125 1.
1165 1091 1215 1126 20
1245 1091 1482 1141 δικαιοσύνην
1508 1096 1614 1137 Θεοῦ,
1635 1094 1659 1130 1.
1689 1094 1738 1131 27

243 1142 422 1192 θρησκεία
442 1143 617 1191 ἀμίαντος
635 1143 736 1191 παρὰ
755 1145 805 1193 τῷ
824 1145 905 1193 Θεῷ
925 1143 985 1180 καὶ
1006 1143 1140 1192 Πατρί,
1169 1144 1208 1180 11.
1240 1145 1263 1181 5
1293 1147 1312 1182 ὁ
1331 1147 1423 1186 Θεὸς
1444 1147 1638 1192 ἐξελέξατο
1656 1148 1742 1187 τοὺς

243 1197 423 1247 πτωχούς,
446 1196 486 1233 11.
513 1197 559 1233 19
583 1195 632 1236 εἷς
652 1199 755 1234 ἐστιν
775 1198 794 1234 ὁ
814 1198 918 1240 Θεός,
938 1197 978 1234 ii.
1005 1198 1054 1233 23
1078 1198 1298 1237 ἐπίστευσεν
1317 1198 1493 1250 Ἀβραὰμ
1512 1204 1562 1252 τῷ
1581 1204 1660 1252 Θεῷ
1679 1202 1740 1239 καὶ

244 1250 359 1299 φίλος
387 1253 483 1287 Θεοῦ
518 1251 671 1299 ἐκλήθη,
706 1251 761 1287 111.
799 1252 820 1287 9
858 1250 938 1289 καθ’
975 1252 1156 1300 ὁμοίωσιν
1187 1256 1293 1297 Θεοῦ,
1328 1254 1380 1291 iv.
1416 1255 1440 1290 4
1473 1256 1497 1303 ἡ
1531 1255 1641 1303 φιλία
1673 1258 1740 1293 τοῦ

243 1304 388 1351 κόσμου
422 1304 537 1354 ἔχθρα
569 1307 635 1342 τοῦ
666 1305 933 1354 Θεοῦ...φίλος
962 1308 1029 1342 τοῦ
1061 1306 1207 1355 κόσμου
1227 1308 1358 1358 ἐχθρὸς
1377 1311 1444 1346 τοῦ
1462 1312 1567 1355 Θεοῦ,
1589 1310 1640 1348 iV.
1665 1311 1687 1346 6
1721 1311 1741 1347 ὁ

242 1359 334 1397 Θεὸς
358 1359 608 1407 ὑπερηφάνοις
622 1360 897 1403 ἀντιτάσσεται,
917 1359 968 1396 iv.
994 1358 1015 1397 7
1037 1360 1246 1410 ὑποτάγητε
1265 1364 1315 1412 τῷ
1333 1364 1424 1412 Θεῷ,
1445 1362 1497 1400 iV.
1522 1364 1544 1399 8
1566 1363 1743 1414 ἐγγίσατε

243 1414 293 1462 τῷ
312 1414 401 1462 Θεῷ.
461 1412 532 1449 See
553 1426 587 1461 p.
610 1413 760 1448 clxxxv
780 1412 863 1449 foll.

134 1467 263 1516 θερίζω
280 1480 286 1502 2
317 1479 354 1503 V.
378 1467 401 1502 4
422 1468 459 1503 αἱ
478 1467 571 1514 βοαὶ
590 1469 662 1504 τῶν
681 1467 917 1516 θερισάντων.

133 1521 317 1570 θερμαίνω
334 1534 341 1556 :
371 1520 410 1557 11.
438 1521 484 1556 16
508 1521 751 1569 θερμαίνεσθε
771 1521 831 1558 καὶ
849 1523 1090 1572 χορτάζεσθε.

133 1575 283 1625 θηρίονῑ
314 1574 370 1610 111.
396 1574 418 1612 7
438 1577 545 1612 πᾶσα
565 1575 680 1623 φύσις
700 1575 835 1624 θηρίων
849 1592 889 1612 τε
910 1577 971 1613 καὶ
989 1580 1171 1615 πετεινῶν.

133 1629 367 1678 θησαυρίζωῖ
398 1642 433 1665 V.
458 1629 480 1665 3
503 1629 776 1678 ἐθησαυρίσατε
797 1632 835 1666 ἐν
852 1631 1029 1681 ἐσχάταις
1047 1632 1210 1681 ἡμέραις.

133 1684 260 1733 θλῖψις
276 1696 282 1718 :
313 1683 336 1719 i.
362 1681 411 1720 27
433 1683 619 1732 ὀρφανοὺς
638 1683 698 1720 καὶ
717 1684 836 1733 χήρας
855 1686 893 1721 ἐν
911 1685 958 1734 τῇ
979 1685 1105 1735 θλίψει
1124 1688 1254 1724 αὐτῶν.

135 1737 333 1786 θρησκείαῖ
355 1737 380 1774 1.
398 1738 446 1773 26
460 1738 594 1774 τούτου
607 1738 798 1786 ματαῖοςὴ
812 1738 1004 1787 θρησκεία,
1020 1739 1043 1776 1.
1063 1739 1112 1778 27
1134 1740 1314 1789 θρησκεία
1328 1742 1472 1791 καθαρὰ
1486 1742 1546 1780 καὶ
1558 1743 1746 1792 ἀμίαντος.

131 1805 167 1828 a.
192 1791 355 1839 θρησκός
372 1804 379 1827 1
408 1791 432 1828 i.
458 1792 506 1827 26
529 1791 633 1831 εἴτις
652 1790 752 1829 δοκεῖ
771 1792 934 1840 θρησκὸς
954 1792 1054 1831 εἶναι.

133 1846 227 1894 θύρα
244 1858 250 1881 :
280 1858 318 1881 V.
342 1846 364 1881 9
386 1846 406 1882 ὃ
427 1846 552 1894 κριτὴς
570 1845 643 1894 πρὸ
662 1848 734 1883 τῶν
754 1846 872 1895 θυρῶν
892 1847 1057 1896 ἕστηκεν.

88 1919 90 1925 ·
131 1913 160 1937 e.
185 1899 475 1948 θυσιαστήριονί
505 1900 546 1935 11.
571 1900 616 1935 21
640 1899 836 1950 ἀνενέγκας
856 1900 990 1938 Ἰσαὰκ
1010 1902 1070 1939 ἐπὶ
1089 1900 1132 1939 τὸ
1152 1903 1432 1952 θυσιαστήριον.

930 2018 946 2051 Ι

134 2111 338 2160 Ἰάκωβος;
367 2111 392 2148 i.
418 2112 434 2148 1
458 2110 638 2158 Ἰάκωβος
656 2113 753 2149 Θεοῦ
773 2111 834 2149 καὶ
855 2112 996 2162 Κυρίου
1016 2112 1147 2161 Ἰησοῦ
1166 2116 1336 2163 Χριστοῦ
1355 2114 1500 2156 δοῦλος.

134 2166 282 2215 ἷάομαιῖ
312 2179 349 2203 V.
374 2167 422 2202 16
445 2166 600 2216 εὔχεσθε
620 2167 711 2214 ὑπὲρ
731 2166 921 2214 ἀλλήλων,
942 2166 1040 2206 ὅπως
1061 2167 1197 2216 ἰαθῆτε.

131 2219 220 2260 ἴδιος
237 2233 243 2256 :
273 2220 300 2257 i.
324 2220 372 2256 14
392 2220 464 2257 ὑπὸ
483 2222 548 2269 τῆς
569 2219 659 2259 ἰδίας
679 2220 873 2268 ἐπιθυμίας
894 2220 1143 2270 ἐξελκόμενος.

132 2274 186 2311 ἴδε
207 2273 274 2324 (al.
299 2275 330 2311 εἰ
349 2272 405 2323 δέ)
423 2287 430 2310 z
459 2274 515 2311 iii.
539 2274 562 2310 3
583 2273 636 2311 ἴδε
651 2304 658 2311 .
678 2304 684 2311 .
705 2303 712 2310 .
731 2275 817 2314 τοὺς
835 2275 1012 2325 χαλινοὺς
1032 2277 1081 2315 εἷς
1099 2277 1146 2313 τὸ.
1165 2276 1338 2326 στόματα
1356 2277 1567 2327 βάλλομεν,
1592 2279 1691 2317 Adel.

133 2328 235 2366 ἶδούῖ
264 2328 319 2365 111.
343 2329 367 2364 4
389 2327 477 2372 ἰδοὺ,
501 2328 562 2366 καὶ
581 2329 627 2365 τὰ
641 2329 758 2365 πλοῖα
781 2330 994 2379 μετάγεται,
1015 2330 1069 2366 iii.
1093 2329 1115 2366 5
1140 2329 1228 2375 ἰδοὺ,
1249 2331 1381 2379 ἡλίκον
1399 2334 1472 2381 πῦρ
1487 2333 1620 2382 ἡλίκην
1646 2335 1741 2383 ὕλην

240 2382 403 2425 ἀνάπτει,
423 2395 459 2419 V.
483 2383 506 2418 4
529 2382 618 2426 ἰδοὺ,
639 2383 659 2420 ὁ
681 2383 818 2431 μισθὸς
837 2384 971 2432 κράζει,
992 2397 1028 2420 V.
1053 2382 1076 2421 7
1114 2383 1203 2429 ἰδοὺ,
1239 2386 1259 2422 ὃ
1292 2386 1454 2437 γεωργὸς
1474 2387 1660 2438 ἐκδέχεται
1678 2390 1745 2426 τὸν

241 2436 393 2485 καρπόν,
414 2449 452 2474 V.
475 2437 496 2473 9
520 2436 609 2478 ἰδοὺ,
629 2438 648 2474 ὁ
670 2437 795 2486 κριτὴς
815 2438 981 2486 ἔστηκεν,
1003 2450 1039 2474 V.
1077 2438 1120 2474 11
1147 2439 1236 2483 ἰδοὺ,
1270 2441 1522 2489 μακαρίζομεν
1552 2442 1638 2482 τοὺς
1656 2444 1743 2480 ὓπο-

279 2490 289 2503 Ι

240 2507 426 2539 μενοντας.

132 2543 303 2593 Ἰησουςέ
332 2544 356 2580 1.
383 2545 400 2580 1
425 2544 565 2593 Κυρίου
586 2543 712 2593 Ἰησοῦ
731 2548 902 2595 Χριστοῦ
922 2545 1065 2589 δοῦλος,
1087 2546 1127 2583 11.
1167 2547 1184 2583 1
1220 2549 1286 2585 τοῦ
1319 2548 1460 2597 Κυρίου
1479 2550 1581 2597 ἡμῶν
1612 2549 1745 2599 Ἰησοῦ

239 2600 410 2647 Χριστοῦ
428 2600 493 2647 τῆς
511 2598 628 2647 δόξης.

131 2653 278 2701 ἱμάτιον
295 2665 302 2688 :
332 2665 368 2688 V.
393 2653 415 2688 2
436 2653 482 2689 τὰ
503 2654 629 2701 ἱμάτια
648 2654 748 2702 ὑμῶν
767 2654 996 2703 σητόβρωτα
1015 2654 1177 2705 γέγονεν.

132 2707 190 2744 ἵνα
209 2720 215 2742 ;
245 2706 269 2743 1.
293 2706 317 2742 4
339 2705 396 2743 ἵνα
414 2705 480 2754 ἣτε
498 2707 644 2752 τέλειοι,
667 2709 720 2744 iV.
744 2708 766 2744 3
798 2708 856 2745 ἵνα
885 2711 923 2745 ἐν
937 2710 1018 2748 ταῖς
1045 2708 1193 2757 ἡδοναῖς
1223 2708 1475 2759 δαπανήσητε,
1498 2724 1535 2749 V.
1560 2711 1581 2747 9
1609 2711 1666 2749 ἵνα
1686 2713 1741 2762 μὴ

240 2760 399 2809 κριθῆτε,
420 2773 457 2796 V.
484 2761 530 2796 12
555 2761 612 2798 ἵνα
629 2762 683 2810 μὴ
702 2762 773 2799 ὑπὸ
795 2762 918 2810 κρίσιν
935 2763 1088 2807 πέσητε.
1147 2763 1220 2800 See
1240 2776 1302 2812 pp.
1326 2777 1396 2800 ccv
1416 2764 1516 2811 foll„
1537 2778 1646 2803 CCXV.

131 2815 184 2853 ἰός
200 2828 207 2850 :
236 2828 273 2851 V.
298 2815 320 2850 3
342 2815 361 2851 ὁ
384 2814 436 2854 ἰὸς
455 2815 573 2851 αὐτῶν
592 2816 642 2855 εἷς
659 2816 862 2865 μαρτύριον
879 2818 966 2865 ὑμῖν
985 2817 1101 2854 ἔσται.

130 2869 265 2909 ἴππος;
295 2868 350 2904 111.
376 2868 397 2904 3
418 2870 490 2906 τῶν
510 2868 630 2906 ἵππων
647 2870 734 2910 τοὺς
752 2871 929 2921 χαλινοὺς
951 2872 1000 2911 εἷς
1019 2871 1065 2908 τὰ
1085 2871 1259 2919 στόματα
1277 2871 1488 2922 βάλλομεν.
