1974 3298
189 214 213 252 1
244 212 391 266 19-27]

402 318 586 350 VULGATE.

193 409 314 440 autem
326 404 372 438 ad
382 403 607 448 loquendum
621 407 656 437 et
667 402 792 437 tardus

193 460 239 494 ad
263 460 355 494 iram
383 459 430 503 (a)
447 472 454 492 :
491 461 536 493 20
552 459 607 493 ira
625 459 673 503 (a)
692 458 792 493 enim

193 515 265 549 uiri
283 515 462 549 iustitiam
487 514 546 548 dei
570 525 645 548 non
670 525 793 559 opera-

193 574 263 605 tur.
315 573 358 604 21
388 570 540 616 Propter
557 569 655 615 quod
683 569 792 603 abici-

192 630 292 660 entes
310 637 455 660 0111110111
476 624 742 659 inmunditiam
759 627 795 658 et

193 681 457 716 abundantiam
471 680 632 714 malitiae
643 680 683 713 in
694 691 795 714 man-

195 736 387 771 suetudine
428 736 599 782 suscipite
641 736 794 770 insitum

195 791 350 826 uerbum
378 791 522 836 (101(β),
552 791 650 837 quod
678 794 797 836 potest

194 847 334 882 saluare
366 847 506 882 animas
539 850 688 881 uestras.
751 848 797 880 22

195 903 320 938 Estote
345 908 467 938 autem
501 903 652 937 factores
681 901 796 945 uerbi,

195 964 231 994 et
256 971 330 994 11011
355 959 538 994 auditores
562 962 708 993 tantum
732 957 797 991 fal-

194 1015 311 1049 lentes
324 1018 465 1049 uosmet
478 1015 584 1060 ipsos.
604 1016 650 1048 23
662 1013 755 1056 Quia
767 1014 797 1047 si

195 1071 278 1116 quis
295 1070 441 1104 auditor
458 1074 511 1104 est
528 1069 633 1103 uerbi
662 1073 698 1103 et
723 1080 797 1102 non

194 1126 319 1170 factor,
346 1126 407 1160 1110
433 1125 692 1171 conparabitur
716 1125 797 1158 uiro

196 1182 439 1217 consideranti
480 1181 629 1215 uultum
662 1181 796 1215 natiui-

196 1239 282 1274 tatis
295 1250 378 1273 suae
396 1238 436 1272 in
450 1237 595 1284 speculo
612 1249 619 1272 :
647 1240 692 1271 24
716 1248 797 1270 0011-

197 1294 372 1329 siderauit
397 1294 495 1328 enim
514 1293 564 1339 (γ)
584 1304 620 1327 se
646 1296 682 1326 et
706 1292 798 1326 abiit

196 1354 233 1384 et
266 1350 389 1384 statim
423 1349 560 1383 oblitus
593 1352 647 1382 est
680 1347 798 1394 qualis

195 1405 317 1439 fuerit.
378 1408 422 1438 25
454 1404 527 1447 Qui
561 1408 684 1438 autem
717 1415 793 1449 per-

196 1461 356 1506 spexerit
388 1460 428 1494 in
460 1460 537 1506 lege
570 1459 730 1505 perfecta
749 1460 795 1503 (δ)

194 1516 375 1550 libertatis
413 1520 448 1550 et
481 1516 721 1561 permanserit
759 1515 798 1549 in

196 1584 237 1606 ea
257 1573 299 1616 (ε)
320 1584 395 1606 11011
423 1572 569 1606 auditor
598 1571 799 1606 obliuiosus

196 1627 312 1662 factus
346 1628 407 1662 sed
441 1627 557 1662 factor
583 1627 711 1673 operis,
739 1626 799 1660 hic

196 1684 324 1719 beatus
349 1684 389 1718 in
414 1683 508 1718 sacto
533 1695 598 1718 suo
624 1683 702 1717 erit.
754 1685 798 1716 26

199 1740 238 1774 Si
273 1740 355 1785 quis
388 1744 511 1774 autem
543 1743 650 1785 putat
677 1750 712 1772 se
747 1750 798 1771 re-

196 1794 369 1840 ligiosum
396 1806 480 1837 esse,
508 1806 585 1828 non
614 1793 799 1828 refrenans

196 1850 363 1895 linguam
397 1861 498 1884 suam
532 1849 594 1884 sed
626 1849 799 1883 seducens

197 1918 258 1940 cor
275 1918 392 1949 suum,
412 1905 522 1940 huius
547 1917 642 1940 uana
666 1909 721 1940 est
746 1916 798 1939 re-

195 1961 294 2007 ligio.
346 1964 390 1996 27
425 1961 568 2007 Religio
595 1965 718 1995 autem
748 1959 799 2005 (ζ)

197 2016 336 2051 munda
368 2021 405 2051 et
436 2016 659 2050 inmaculata
700 2015 798 2061 apud

197 2072 306 2106 deum
325 2076 360 2106 et
376 2076 517 2118 patrem
534 2072 622 2106 haec
635 2076 698 2115 est,
711 2072 796 2105 uisi-

166 2164 169 2168 *
196 2131 271 2162 tare
289 2128 451 2174 pupillos
468 2132 504 2162 et
521 2127 651 2162 uiduas
668 2127 708 2161 in
733 2127 797 2161 tri-

196 2183 384 2218 bulatione
424 2195 560 2227 eorum,
602 2188 637 2218 et
659 2184 706 2228 (η)
742 2183 796 2217 111-

197 2240 420 2274 maculatum
462 2251 497 2274 se
539 2239 718 2274 custodire
752 2239 797 2273 ab

196 2295 265 2330 1100
282 2295 433 2330 saeculo.

228 2383 270 2415 (a)
287 2384 368 2415 SpeC.
384 2385 457 2416 Aug.
471 2384 653 2409 iracundiam
669 2383 726 2409 and
738 2384 800 2409 -dia

196 2417 241 2442 for
253 2419 326 2446 iram
338 2418 395 2442 and
407 2419 461 2444 ira.

231 2452 274 2482 (β)
291 2452 322 2478 F.
338 2458 392 2478 om.
407 2452 460 2478 dei.

232 2485 273 2519 (γ)
290 2485 322 2511 F.
336 2487 438 2511 autem.

231 2519 269 2551 (δ)
287 2520 368 2550 Spec.
384 2521 457 2551 Aug.
472 2519 555 2550 leyem
566 2519 727 2552 perfectam.

230 2553 267 2584 (ε)
286 2553 367 2584 spec.
382 2556 454 2585 Aug.
470 2553 527 2578 and
540 2554 570 2579 F.
586 2561 641 2579 om.
657 2554 687 2578 in
700 2561 742 2579 ea.

233 2587 272 2619 (ς)
290 2587 319 2613 F.
334 2593 389 2612 0111.
405 2589 506 2613 autem.

233 2621 274 2653 (η)
291 2620 322 2647 F.
337 2628 392 2646 0111.
408 2622 442 2647 et.

754 211 928 248 LATIN
955 211 1232 250 VERSIONS

996 316 1141 348 CORBEY
1157 316 1228 348 MS.

822 402 940 436 omnis
965 401 1074 436 homo
1098 401 1206 436 uelox
1236 402 1281 436 ad
1303 402 1405 436 audi-

821 457 969 500 endum,
1018 457 1143 491 tardus
1183 461 1305 491 autem

820 512 1058 558 loquendum,
1077 512 1202 546 tardus
1219 516 1341 546 autem
1359 512 1405 546 ad

821 567 1058 602 iracundiam.
1131 570 1177 602 20
1211 567 1406 602 Iracundia

823 624 922 658 enim
939 623 1013 657 uiri
1037 623 1218 657 iustitiam
1247 623 1306 657 dei
1333 634 1407 664 non

824 682 1004 725 operatur.
1071 679 1113 712 21
1150 678 1200 713 Et
1232 678 1314 713 ideo
1347 690 1408 712 ex-

823 738 999 780 ponentes
1040 745 1164 768 omnes
1213 734 1333 768 sordes
1374 738 1411 768 et

825 789 1090 824 abundantiam
1139 789 1312 832 malitiae,
1346 801 1412 835 per

826 845 1056 880 clementiam
1073 846 1228 891 excipite
1245 846 1416 895 genitum

827 901 993 944 uerbum,
1020 901 1085 947 qui
1102 905 1247 946 potesta
1272 901 1411 935 saluare

826 957 966 991 animas
999 960 1146 991 uestras.
1208 959 1252 990 22
1286 956 1411 991 Estote

826 1017 949 1047 autem
974 1012 1126 1047 factores
1143 1012 1248 1047 uerbi
1276 1017 1312 1046 et
1336 1024 1411 1046 non

826 1068 1008 1102 auditores
1033 1072 1189 1111 tantum,
1207 1068 1314 1102 aliter
1328 1079 1411 1102 con-

828 1124 1001 1158 siliantes
1062 1127 1107 1159 23
1142 1124 1237 1167 Quia.
1270 1124 1300 1158 si
1329 1124 1411 1170 quis

826 1180 973 1214 auditor
983 1179 1087 1214 uerbi
1097 1184 1151 1214 est
1160 1184 1196 1214 et
1208 1191 1280 1214 non
1287 1179 1411 1222 factor,

827 1235 887 1269 hic
912 1240 965 1270 est
989 1235 1120 1269 similis
1142 1236 1285 1270 homini
1302 1236 1412 1281 respi-

828 1292 939 1326 cienti
963 1291 1092 1326 faciem
1118 1291 1277 1325 natalisb
1299 1291 1356 1325 sui
1374 1291 1413 1325 in

827 1347 998 1393 speculo:
1040 1350 1085 1381 24
1127 1348 1268 1393 aspexit
1301 1359 1336 1381 se
1378 1351 1414 1381 et

828 1403 972 1437 recessit
989 1407 1025 1436 et
1043 1403 1082 1436 in
1101 1402 1304 1437 continenti
1322 1402 1412 1436 obli-

827 1462 886 1492 tus
911 1463 964 1492 est
989 1458 1108 1504 qualis
1132 1463 1218 1492 erat.
1270 1461 1313 1492 25
1340 1458 1413 1500 Qui

827 1518 950 1548 autem
967 1514 1127 1560 respexit
1139 1515 1179 1548 in
1195 1514 1313 1560 legem
1331 1526 1412 1548 con-

829 1575 1048 1605 summatam
1066 1570 1246 1604 libertatis
1272 1575 1308 1604 et
1332 1582 1410 1615 per-

829 1637 1003 1669 severans,
1041 1637 1116 1663 non
1157 1626 1309 1660 audiens
1351 1625 1410 1659 ob-

828 1681 980 1716 liuionis
1018 1681 1145 1725 factus,
1187 1681 1249 1716 sed
1298 1681 1412 1716 faetor

828 1749 990 1783 operum,
1023 1737 1084 1771 hic
1117 1737 1243 1771 beatus
1277 1738 1346 1771 erit
1372 1737 1412 1771 in

828 1793 1006 1838 operibus
1031 1793 1116 1828 suis.
1175 1795 1220 1827 26
1256 1793 1412 1838 Siquis

827 1852 950 1883 autem
983 1852 1089 1894 putat
1122 1860 1158 1882 se
1200 1847 1411 1894 religiosum

827 1916 911 1947 esse,
938 1916 1012 1938 non
1036 1903 1223 1938 infrenans
1246 1904 1411 1950 linguam

827 1972 940 2004 suam,
965 1960 1027 1994 sed
1051 1959 1183 1994 fallens
1208 1971 1268 1994 cor
1291 1971 1410 2002 suum,

827 2016 937 2050 huius
969 2027 1064 2050 uana
1098 2020 1151 2050 est
1177 2016 1314 2061 religio.
1365 2018 1409 2050 27

828 2072 971 2118 Religio
988 2076 1111 2107 autem
1135 2071 1274 2105 munda
1301 2075 1336 2105 et
1354 2072 1410 2105 in-

826 2128 1006 2163 maculata
1016 2128 1114 2174 apud
1124 2127 1315 2161 dominum
1323 2126 1410 2161 haec

826 2188 902 2218 est:
966 2184 1115 2218 uisitare
1168 2182 1311 2217 orfanos

828 2240 957 2275 uiduas
973 2240 1013 2273 in
1023 2239 1261 2274 tribulatione
1272 2251 1408 2283 eorum,

827 2307 968 2331 seruare
988 2307 1023 2330 se
1040 2296 1117 2330 sine
1136 2295 1278 2330 macula
1300 2307 1320 2330 a
1339 2307 1412 2330 sae-

826 2352 918 2387 culo.

863 2443 878 2457 ³
896 2443 956 2469 MS.
969 2444 1097 2475 potestis.

862 2476 879 2496 b
897 2478 956 2503 MS.
972 2477 1073 2502 natali.

1769 207 1792 246 7

1460 314 1657 346 SPECULUM
1691 322 1768 344 ΑΜ)

1482 358 1732 389 Pmscnmm.

1435 408 1560 442 tardus
1573 407 1674 453 loqui
1688 407 1791 452 piger

1359 457 1405 492 ad
1434 464 1474 497 in
1496 463 1692 498 iracundia.

1482 559 1528 591 20
1594 555 1791 590 Iracundia

1437 612 1536 646 enim
1566 612 1637 645 uiri
1655 611 1794 645 iustiti-

1437 679 1495 702 am
1517 668 1587 702 Dei
1609 679 1682 701 non
1711 677 1778 713 ope

1439 727 1551 758 ratur.

1489 1566 1534 1598 26
1567 1563 1635 1608 (W.
1656 1576 1690 1610 p.
1712 1566 1795 1608 524)

1441 1620 1482 1654 Si
1508 1620 1590 1666 quis
1612 1624 1719 1666 putat
1736 1633 1793 1655 su-

1440 1675 1689 1722 perstitiosum
1707 1677 1719 1698 1
1759 1688 1795 1711 se

1440 1743 1524 1775 esse,
1567 1743 1642 1766 non
1686 1731 1796 1766 refre-

1441 1798 1532 1821 nans
1552 1787 1717 1832 linguam
1736 1798 1792 1821 su-

1441 1854 1510 1885 am,
1553 1842 1614 1877 sed
1661 1842 1793 1877 fallens

1441 1910 1501 1932 cor
1533 1897 1668 1941 suum,2
1684 1898 1795 1932 huius

1440 1965 1535 1988 uana
1568 1954 1695 1999 religio
1729 1958 1792 1988 est.

1441 2011 1483 2044 27
1531 2009 1601 2054 (W.
1637 2021 1671 2055 p.
1706 2010 1790 2053 411)

1440 2065 1621 2099 Sanctitas
1670 2069 1793 2099 autem

1438 2132 1530 2166 pura
1541 2124 1577 2155 et
1591 2121 1793 2155 incontam-

1373 2187 1409 2217 et
1436 2176 1537 2210 inata
1546 2175 1634 2210 haec
1640 2175 1796 2221 estapud

1440 2231 1561 2266 Deum
1574 2235 1726 2277 patrem,
1738 2231 1794 2264 ui-

1441 2287 1548 2322 sitare
1582 2287 1726 2321 orfanos
1759 2291 1795 2320 et

1442 2343 1573 2377 uiduas
1584 2343 1623 2376 in
1630 2342 1797 2387 angustia

1441 2399 1605 2444 ipsorum
1628 2402 1665 2433 et
1680 2398 1796 2431 inma-

1442 2454 1607 2489 culatum
1615 2466 1650 2488 se
1658 2464 1800 2488 seruare

1444 2523 1464 2545 a
1481 2510 1629 2545 mundo.

1479 2601 1490 2619 1
1510 2601 1546 2626 So
1575 2601 1609 2630 S;
1640 2599 1802 2630 reliyiosum

1446 2636 1474 2661 M
1491 2638 1528 2663 ÷.

1446 2669 1459 2688 2
1471 2670 1532 2695 Om.
1547 2668 1707 2694 scd—suum
1719 2665 1748 2691 M
1762 2668 1803 2694 -†-.
