1974 3298
411 219 846 258 AUTHENTICITY
877 222 943 259 OF
973 223 1086 260 THE
1117 223 1342 261 EPISTLE
1608 227 1676 263 lxv

113 322 270 357 '‘Comm.
286 322 323 356 z'n
340 333 390 367 ep.
407 322 457 356 ad
471 322 572 356 Rom.
592 322 630 357 ii.
652 325 695 357 13
716 322 871 367 (Lomm.
891 324 940 360 vi.
962 335 996 370 p.
1019 326 1098 369 134)
1119 327 1252 369 etfides
1270 329 1343 362 sine
1361 328 1521 372 operibus
1538 335 1675 362 mortua

66 368 203 404 dicitur
232 373 269 403 et
296 379 340 403 ex
359 368 530 414 operibus
556 369 633 404 sine
659 369 732 404 fide
758 381 864 404 nemo
891 371 989 416 apud
1015 372 1135 407 Deum
1157 374 1402 418 justificatur:
1499 375 1522 409 5
1526 386 1621 409 ames
1640 376 1666 410 ii

71 417 246 498 173¹⁶i2lfiw
264 464 280 496 1
299 462 452 507 (Lomm.
469 462 516 497 vi.
530 474 563 508 p.
577 463 659 506 235)
683 462 728 496 111
746 463 818 497 alio
837 463 1045 510 Scripturae
1064 465 1142 500 loco
1159 466 1295 501 dicitur
1311 468 1354 502 de
1373 468 1560 503 Abraham
1579 469 1676 514 quod

69 522 110 546 ece
128 510 292 555 operibus
309 510 401 553 fidei
416 509 639 554 justificatus
657 511 710 552 sit,
730 510 773 544 cf.
793 511 838 545 ib.
858 511 905 545 iv.
928 514 972 546 3:
1069 512 1190 547 James
1207 514 1243 548 ii.
1263 517 1318 557 21,
1338 518 1393 557 22,
1412 518 1467 549 23.

117 557 188 591 ’Χ-ὶῖ).
207 557 256 592 iv.
275 559 297 591 8
321 555 398 590 Nec
423 556 521 591 solus
545 556 633 591 haec
658 556 794 591 Paulus
819 558 968 592 scribit:
1000 558 1086 592 audi
1104 563 1139 593 et
1156 560 1333 595 Jacobum
1352 562 1500 596 fratrem
1527 562 1678 596 Domini

70 604 207 639 similia
231 606 494 650 protestantem
512 615 595 637 cum
613 603 702 637 dicit
723 603 794 644 Qut
810 606 963 639 voluerit
985 607 1123 640 amicus
1139 617 1210 641 esse
1227 609 1361 642 saeculi
1387 609 1405 641 71
1414 609 1448 653 ιι]
1453 621 1501 651 us,
1517 610 1680 643 inimicus

71 652 144 686 Dei
162 652 391 686 constituetur
403 663 416 684 .·
511 650 635 685 5611165
652 650 700 685 iV.
720 654 751 685 4.

117 698 188 733 rib.
201 698 250 732 ix.
264 700 310 732 24
327 697 422 732 sicut
439 700 475 731 et
491 697 515 731 J
518 697 650 732 acobus
667 697 853 743 apostolus
869 698 959 733 dicit
976 698 1084 734 Omne
1100 699 1225 733 datum
1245 701 1368 735 bonum
1386 707 1417 735 et
1434 714 1533 736 omne
1549 703 1677 736 donum

66 745 265 792 perfectum
281 744 465 779 desursum
483 749 534 778 est
549 745 754 779 descendens
772 758 792 779 a
813 746 926 780 Patre
945 747 1116 780 luminum
1131 759 1143 779 .·
1238 747 1259 780 ,J
1265 759 1362 782 ames
1380 748 1402 782 i.
1424 751 1475 783 17.

120 793 252 827 *Hom
284 793 321 825 in
351 791 437 827 Gen.
465 791 543 826 viii.
573 794 617 826 10
647 791 806 827 Gener-as
835 797 957 827 autem
983 793 1159 838 gaudium
1184 795 1216 827 st
1240 806 1337 828 omne
1361 795 1534 837 natalium
1565 798 1680 830 eristi-

71 841 225 875 maverz's
257 850 336 873 cum
369 840 405 873 in
440 840 642 873 tentationes
676 839 799 874 varias
831 840 1000 875 incideris
1040 844 1076 875 et
1116 840 1216 874 istud
1257 841 1432 887 gaudium
1473 842 1599 876 offeras
1640 843 1678 876 111

74 886 294 922 sacrificium
312 886 390 920 Deo
406 897 413 920 ε
511 885 634 920 5611165
651 885 673 920 i.
693 889 724 920 2.

120 934 191 968 rib.
215 933 253 968 ii.
278 936 299 968 6
325 932 598 978 Omnipotentis
624 933 694 967 Dei
720 933 1007 969 misericordiam
1033 934 1279 980 deprecemur,
1299 935 1363 981 qui
1388 946 1454 969 nos
1478 947 1546 969 non
1571 937 1680 970 solunt

74 981 254 1016 auditores
270 980 366 1015 verbi
384 982 441 1015 sui
456 979 578 1025 faciat,
595 980 655 1014 sed
673 985 705 1014 et
719 981 880 1026 j'aetores
893 995 905 1015 .·
998 981 1022 1015 5
1026 993 1123 1016 ames
1139 982 1162 1016 1.
1182 984 1237 1016 22.

121 1028 192 1063 fib.
210 1028 233 1063 1.
253 1029 273 1063 7
301 1027 385 1073 Ipse
402 1027 454 1062 ait
470 1039 535 1073 per
551 1026 767 1073 prophetam
788 1028 1083 1073 Appropc'nquate
1100 1029 1189 1062 mihi
1206 1034 1240 1063 et
1254 1029 1550 1073 appropinquabo
1575 1030 1683 1071 robis,

74 1075 166 1110 dicit
181 1074 371 1115 Dominus,
390 1074 434 1109 cf.
452 1086 500 1108 on
517 1074 633 1109 Emod.
653 1074 705 1109 iii.
724 1074 863 1110 below:
962 1075 1087 1110 5611165
1104 1076 1151 1110 iv.
1171 1078 1202 1119 8,
1222 1075 1265 1110 cf.
1285 1075 1390 1111 Zech.
1409 1076 1431 1110 i.
1452 1079 1483 1111 3.

124 1122 257 1157 *Honu
284 1124 321 1156 in
347 1121 463 1157 Emod.
489 1121 567 1157 viii.
593 1125 615 1156 4
639 1121 711 1156 Sed
739 1127 773 1156 et
804 1122 989 1168 apostolus
1017 1122 1176 1158 Jacobus
1205 1122 1296 1158 dicit
1325 1124 1388 1157 Vir
1411 1123 1542 1168 duplex
1567 1125 1686 1157 animo

76 1171 276 1204 inconstans
293 1174 345 1203 est
359 1170 396 1203 in
413 1169 574 1203 omnibus
589 1169 658 1203 viis
676 1171 750 1203 suis
763 1183 775 1203 :
870 1169 993 1204 James
1011 1170 1033 1204 1.
1054 1172 1084 1204 8.

123 1217 257 1253 *Hom
293 1218 330 1250 z'n
362 1216 477 1250 Exod.
502 1216 555 1251 iii.
584 1218 606 1250 3
640 1216 720 1250 Hoc
753 1216 851 1251 idem
884 1217 907 1251 J
911 1217 1043 1251 acobus
1076 1217 1276 1263 Apostolus
1313 1217 1533 1262 cohortatur,
1563 1217 1686 1251 dicens

77 1264 244 1299 Resistite
264 1268 381 1298 autent
404 1263 548 1298 cliabolo
574 1268 607 1298 et
623 1263 748 1307 fugiet
770 1276 793 1298 a
818 1264 923 1307 vobis,
943 1264 985 1299 cf.
1009 1264 1138 1300 Comm.
1158 1265 1194 1298 in
1211 1265 1314 1299 Rom.
1332 1264 1380 1300 iv.
1401 1268 1433 1307 8,
1452 1264 1573 1299 which
1598 1265 1688 1299 adds

76 1311 140 1346 the
157 1310 276 1346 words
292 1312 574 1357 appropinquate
591 1311 668 1345 Deo
686 1316 719 1345 et
734 1311 1037 1356 appropinquabit
1051 1311 1150 1345 vobis
1162 1325 1174 1345 .·
1270 1312 1293 1346 5
1297 1323 1394 1346 ames
1411 1313 1458 1346 iv.
1479 1313 1510 1355 7,
1529 1315 1560 1346 8.

123 1358 256 1393 *Hom
284 1359 321 1392 in
345 1358 430 1393 Lev.
460 1358 498 1393 11.
526 1361 548 1392 4
574 1357 632 1392 Ita
664 1358 764 1392 enim
798 1358 888 1393 dicit
920 1358 1099 1404 scriptura
1127 1358 1256 1394 divina
1285 1359 1353 1400 Qui
1383 1361 1533 1394 converti
1557 1358 1672 1403 feceri
1679 1364 1689 1392 t

71 1411 289 1451 peccatorem
307 1405 354 1440 ab
371 1417 487 1440 errore
504 1407 584 1439 riae
607 1417 692 1440 suae
717 1406 838 1440 salvat
858 1408 1017 1440 (mimam
1034 1418 1058 1440 a
1078 1409 1187 1441 morte
1204 1411 1238 1441 et
1253 1408 1405 1452 cooperit
1428 1407 1687 1441 multitudinem

72 1458 299 1499 peccatorum
313 1466 325 1487 .·
420 1452 443 1487 J
446 1464 543 1487 ames
561 1464 594 1487 V.
620 1455 676 1487 20.

126 1502 164 1534 1θὶ
167 1500 195 1535 b.
214 1500 237 1535 J
240 1500 372 1535 acobus
383 1499 582 1545 Apostolus
593 1499 682 1534 dicit
694 1499 721 1535 S
725 1501 733 1533 ὶ
747 1502 827 1544 quis
838 1505 954 1535 autem
969 1501 981 1534 ἰ
984 1513 1005 1545 ²².
1006 1501 1031 1541 ᾗ
1034 1512 1082 1534 rm
1089 1513 1110 1534 a
1119 1505 1174 1534 tur
1185 1505 1281 1535 vocet
1290 1500 1513 1546 presbyteros
1526 1500 1629 1536 eccles
1637 1502 1692 1534 iae

79 1552 112 1582 et
136 1549 320 1592 imponant
342 1547 374 1582 et
398 1559 534 1590 manus,
560 1552 722 1591 umentes
748 1559 824 1582 eum
851 1549 925 1582 oleo
951 1549 987 1581 in
1016 1549 1152 1582 nomine
1177 1548 1334 1582 Domini.
1386 1548 1438 1582 Et
1462 1550 1573 1582 oratio
1598 1547 1691 1592 fidet

79 1595 240 1630 salvabit
254 1595 447 1639 infirmum,
465 1599 498 1628 et
514 1596 544 1628 si
563 1596 599 1628 in
612 1595 768 1638 peccatis
784 1595 905 1639 fuerit
925 1596 1144 1630 remittentur
1161 1597 1193 1629 ei
1206 1609 1217 1629 .·
1312 1595 1436 1630 5611165
1454 1607 1486 1630 V.
1509 1598 1655 1630 14—15.

126 1642 197 1677 ³⁶51).
240 1642 317 1677 xiii.
354 1644 375 1677 3
408 1641 431 1676 J
435 1641 566 1676 acobus
600 1642 800 1687 Apostolus
840 1642 931 1677 dicit
972 1643 1128 1677 Fructus
1169 1647 1284 1677 autem
1321 1643 1489 1687 justitiae
1529 1644 1566 1677 in
1599 1653 1690 1687 pace

82 1690 279 1724 seminatur
292 1703 304 1724 .·
399 1688 422 1723 J
425 1700 522 1723 ames
538 1688 589 1723 iii.
612 1692 665 1723 18.

128 1737 263 1773 *Hom
281 1737 318 1770 in
341 1736 450 1771 Num.
470 1736 572 1770 xviii.
595 1737 611 1770 1
641 1735 712 1770 1116
736 1740 812 1771 erat
829 1736 928 1783 apud
946 1748 1056 1783 quem
1074 1749 1140 1771 non
1166 1742 1217 1771 est
1243 1739 1490 1771 transmutatio
1516 1748 1576 1772 nec
1602 1748 1692 1771 com-

82 1785 289 1819 mutationis
305 1783 432 1818 umbra
447 1796 458 1817 :
553 1783 577 1817 J
580 1795 678 1818 ames
695 1783 717 1818 i.
740 1786 793 1819 17.

129 1831 226 1866 ἤθεϊ.
246 1833 284 1865 in
306 1831 446 1866 Psalm.
467 1830 589 1865 cxviii.
617 1833 638 1865 6
664 1831 706 1865 Et
729 1832 747 1865 ὁ
770 1832 921 1867 πάσας
946 1833 1140 1875 ποιήσας
1165 1835 1243 1867 τὰς
1269 1832 1466 1866 ἐντολὰς
1491 1831 1693 1867 πταίσας

83 1879 130 1913 δὲ
157 1879 203 1913 ἐν
220 1880 298 1924 μιᾷ
329 1879 513 1924 γίνεται
542 1877 723 1913 πάντων
740 1879 919 1924 ἔνοχος,
935 1881 1046 1915 καλῶς
1068 1879 1259 1926 ’γέγραπται
1278 1880 1363 1913 Τότε
1387 1880 1424 1914 οὐ
1446 1879 1491 1924 μὴ
1514 1878 1694 1924 αἷσχυνθαΐ

84 1927 120 1961 ἐν
136 1927 184 1973 τῷ
197 1941 239 1971 με
257 1925 460 1968 ἐπιβλέπειν
476 1925 532 1960 ἐπὶ
550 1925 663 1961 πάσας
678 1926 737 1962 τὰς
757 1924 894 1962 ε’ντολάς
913 1941 977 1961 σου
993 1938 1000 1961 2
1098 1926 1221 1961 James
1238 1926 1274 1960 ii.
1297 1929 1350 1961 10.

131 1973 200 2009 ffb.
236 1985 309 2008 ver.
339 1976 406 2007 153
433 1972 608 2018 Μακάριον
640 1973 782 2008 ἐνώπιον
814 1976 873 2008 τοῦ
910 1975 999 2008 Θεοῦ
1023 1974 1276 2008 ταπεινοῦσθαι·
1314 1973 1404 2019 φησὶ
1437 1974 1504 2020 γὰρ
1532 1972 1695 2014 Ἰάκωβος

84 2020 415 2063 Ταπεινώθητε
442 2022 642 2055 ἐνώπιον
670 2021 847 2066 Κυρίου
877 2022 949 2055 καὶ
976 2022 1165 2067 ὑψώσει
1193 2021 1327 2064 ὑμᾶς;
1429 2021 1552 2055 5611165
1569 2020 1616 2055 iv.
1640 2022 1691 2054 10.

132 2068 204 2102 fib.
217 2080 290 2103 ver.
308 2069 373 2103 171
389 2068 506 2112 ὥσπερ
519 2071 589 2103 τῶν
601 2066 834 2113 εὖθυμούντων
845 2068 922 2104 ἐστὶ
933 2069 971 2103 τὸ
982 2069 1200 2114 ψάλλειν-ἐ
1211 2068 1230 2102 ὑ
1243 2068 1264 2103 θ
1274 2083 1293 2102 υ
1304 2083 1328 2112 μ
1340 2070 1379 2102 εἳ
1395 2083 1419 2113 γ
1429 2069 1451 2102 α’
1461 2082 1481 2110 ρ
1500 2082 1560 2109 τις,
1576 2068 1696 2113 φησίν,

83 2114 100 2150 ε’
114 2130 131 2150 ν
175 2116 291 2159 ὑμῖν,
334 2117 368 2160 ψ
379 2131 399 2149 α
410 2118 432 2149 λ
443 2117 466 2149 λ
478 2114 494 2149 ε’
505 2131 525 2150 τ
536 2115 699 2150 ω-οὕτω
741 2117 779 2150 τὸ
821 2114 936 2160 ὑμνεῖν
975 2118 1043 2150 τῶν
1084 2116 1300 2159 θεωρούντων
1341 2116 1419 2151 τοὺς
1459 2117 1584 2161 λόγους
1625 2117 1692 2149 τῶν

85 2163 316 2208 δικαιωμάτων
334 2163 440 2203 ἐστίν,
460 2162 503 2197 cf.
524 2163 595 2198 Sel.
614 2164 649 2196 in
668 2163 808 2197 Psalm.
826 2163 888 2198 xii.
909 2166 941 2206 6,
961 2163 1005 2198 ib.
1025 2162 1114 2198 xlvi.
1134 2165 1166 2206 7,
1183 2163 1258 2197 lxv.
1278 2166 1323 2197 4:
1420 2161 1443 2197 5
1447 2173 1544 2197 ames
1561 2174 1593 2197 v.
1616 2165 1668 2196 13.

133 2210 203 2245 ἥῖ).
226 2209 328 2245 xxxi.
348 2213 367 2244 5
394 2212 524 2253 πνεῦμα
551 2209 569 2254 ἡ
596 2211 715 2256 γραφὴ
742 2211 825 2246 ποτε
852 2211 1022 2255 μὲν...τὴν
1046 2210 1166 2256 ψυχὴν
1195 2210 1331 2255 (καλεῖ),
1358 2210 1403 2246 ὦς
1428 2209 1519 2254 παρὰ
1544 2211 1694 2256 Ἰακώβῳ

81 2257 258 2303 ‘'Qu-*nep
286 2258 332 2292 δέ
359 2258 408 2292 τὸ
436 2259 565 2300 σῶμα
592 2257 736 2303 χωρὶς
762 2258 1028 2302 πνεύματος
1057 2259 1220 2302 νεκρόν
1249 2258 1376 2292 ἐστι;
1441 2256 1564 2291 James
1582 2257 1618 2291 ii.
1638 2259 1692 2291 26.

132 2305 203 2340 ‘'tib.
233 2304 374 2339 xxxvii.
405 2307 451 2338 24
489 2305 689 2350 Apostolus
718 2305 818 2338 enim
847 2310 900 2339 est
930 2305 994 2349 qui
1019 2305 1110 2339 dicit
1138 2305 1184 2338 In
1214 2305 1337 2340 multis
1366 2305 1457 2338 enim
1488 2305 1694 2348 offendimus

84 2363 211 2396 omneS‚
229 2356 264 2387 et
282 2353 313 2386 si
329 2353 409 2396 quis
426 2353 462 2385 in
482 2352 583 2385 verbo
601 2364 667 2386 non
684 2352 839 2396 offendit,
859 2352 914 2387 hic
925 2352 1103 2397 perfectus
1120 2357 1170 2386 est
1186 2353 1241 2386 vir
1254 2365 1266 2386 .·
1361 2351 1485 2386 James
1501 2351 1553 2386 iii.
1576 2354 1605 2386 1.
1625 2354 1654 2385 2.

134 2399 233 2434 *Sel
259 2400 296 2433 in
321 2400 451 2434 Jerem.
475 2399 592 2434 xlviii.
621 2400 948 2445 ὑπερηφάνοις
972 2400 1057 2446 γὰρ
1083 2401 1101 2434 ὁ
1127 2400 1240 2436 Θεὸς
1272 2399 1626 2441 ἀντιτάσσεται,
1652 2398 1698 2434 cf.

87 2447 195 2482 Hom.
214 2448 252 2480 in
269 2446 375 2481 Ezek.
395 2447 443 2481 ix.
459 2449 479 2480 2
498 2458 504 2480 :
601 2446 726 2481 James
749 2447 796 2482 iv.
817 2450 849 2482 6.

133 2495 320 2539 *Princzp
338 2493 360 2529 i.
379 2496 400 2528 6
418 2495 539 2528 scienti
559 2494 685 2528 bonum
703 2499 736 2529 et
750 2507 817 2528 non
833 2494 990 2539 facienti
1005 2498 1191 2540 peccatum
1209 2498 1260 2528 est
1276 2493 1332 2528 illi
1347 2507 1359 2527 .·
1431 2492 1555 2527 5611165
1571 2492 1619 2527 iv.
1641 2494 1697 2527 17.

135 2541 293 2577 *Comnu
312 2542 350 2575 in
373 2542 481 2576 Prov.
507 2541 598 2585 (Mai
623 2542 715 2576 Nov.
736 2542 836 2576 Bibl.
857 2542 919 2576 vii.
940 2544 997 2584 51)
1021 2543 1039 2576 ὁ
1060 2541 1225 2583 Ἰάκωβός
1253 2543 1374 2586 φησιν,
1404 2540 1571 2585 ἀλλήλοις
1597 2540 1696 2585 ἐξαγ-

88 2588 239 2635 γέλλετε
257 2589 298 2624 τὰ
316 2590 578 2635 παραπτώματα
596 2589 688 2633 ὑμῶν
706 2588 797 2625 ὅπως
815 2589 944 2633 ἰάθητε.

148 2690 399 2741 Tertullian‚
423 2691 463 2733 d.
484 2690 616 2733 about
639 2692 722 2733 230
744 2702 831 2733 A.D.

139 2773 248 2818 Bapt.
269 2775 315 2807 20
341 2771 438 2807 Nam
463 2776 500 2808 et
523 2777 764 2819 praecesserat
790 2772 944 2814 dictum,
963 2772 1151 2806 Neminem
1174 2772 1383 2806 intentatum
1406 2783 1513 2815 regma
1532 2770 1700 2805 caelestia

91 2824 359 2854 consecuturum
385 2819 555 2866 (perhaps
581 2819 660 2855 said
684 2819 777 2854 with
799 2819 1010 2854 immediate
1032 2819 1213 2853 reference
1236 2823 1273 2853 to
1295 2818 1398 2853 Matt.
1419 2829 1451 2852 v.
1474 2819 1526 2859 10,
1545 2816 1612 2851 but
1633 2816 1693 2850 the

92 2867 188 2902 form
205 2878 319 2902 seems
335 2870 374 2901 to
391 2867 437 2902 be
454 2867 625 2902 coloured
642 2867 694 2912 by
711 2878 731 2901 a
748 2867 1009 2901 reminiscence
1027 2865 1066 2900 of
1080 2865 1103 2900 J
1106 2876 1203 2900 ames
1220 2865 1244 2900 1.
1266 2868 1320 2909 12,
1341 2868 1394 2900 13.

140 2914 223 2949 *De
244 2914 343 2951 Orat.
364 2916 384 2949 8
405 2914 484 2950 ‘Ne
505 2926 571 2949 nos
595 2914 749 2949 inducas
769 2914 810 2949 in
830 2912 1094 2957 tentationem,’
1110 2912 1149 2948 id
1170 2916 1233 2956 est,
1251 2924 1298 2948 116
1319 2923 1385 2947 1105
1402 2910 1551 2958 patiaris
1568 2909 1693 2944 induci

1519 2971 1536 2996 6
