1974 3298
546 178 731 215 INDEX
760 178 827 215 TO
857 178 1051 215 GREEK
1081 178 1280 216 WORDS
1634 176 1713 213 243

107 295 136 319 0.
161 282 490 333 κατακαυχοίομαιῖ
519 282 558 318 11.
585 283 632 318 13
655 285 929 332 κατακαυχᾶται
964 283 1068 323 ἕλεος
1099 284 1264 332 κρίσεως,
1288 283 1344 320 111.
1370 283 1418 319 14
1450 282 1504 331 μὴ
1538 297 1715 319 κατακαυ-

215 336 337 386 χᾶσθε
365 336 425 373 καὶ
446 335 628 386 ψεύδεσθε
647 336 740 373 κατὰ
759 338 824 384 τῆς
843 336 1026 384 ἀληθείας.

107 390 325 427 καταλαλέω
344 402 350 425 :
380 389 431 426 iV.
459 390 501 426 11
526 390 579 438 μὴ
592 391 836 427 καταλαλεῖτε
851 391 1040 438 ἀλλήλων·
1056 391 1075 428 ὃ
1091 392 1312 428 καταλαλῶν
1325 389 1491 439 ἀδελφοῦ
1506 389 1714 427 καταλαλεῖ

215 443 339 491 νόμου.

106 497 288 535 κατανοέω
305 510 311 533 :
341 496 364 533 1.
390 497 439 533 23
461 496 563 547 ἀνδρὶ
584 499 820 535 κατανοοῦντι
839 497 881 534 τὸ
901 498 1103 547 πρόσωπον
1123 499 1246 542 αὑτοῦ,
1267 498 1290 534 1.
1315 498 1365 534 24
1386 498 1608 546 κατενόησεν
1636 497 1709 546 γὰρ

215 551 353 588 ἑαυτόν.

107 605 248 654 κατάρα
265 618 272 640 ;
301 604 356 640 iii.
383 604 431 641 10
453 605 605 655 εὐλογία
626 605 686 642 καὶ
707 605 858 654 κατάρα.

106 659 335 708 καταράομαι
354 672 361 694 2
392 658 446 695 111.
471 660 492 695 9
515 662 552 696 ἐν
572 659 664 708 αῧτῇ
684 659 924 707 καταρώμεθα
943 658 1028 698 τοὺς
1047 659 1270 708 ἀνθρώπους.
1330 659 1401 695 See
1421 671 1456 707 p.
1479 657 1618 695 cxcvii.

105 713 374 762 κατεργάζομαι
393 725 399 747 2
428 712 453 749 1.
477 714 500 749 3
520 712 563 750 τὸ
582 712 746 761 δοκίμιον
765 713 864 761 ὑμῶν
882 715 947 761 τῆς
965 712 1126 752 πίστεως
1145 713 1406 763 κατεργάζεται
1424 712 1622 762 ὑπομονήν.

106 766 331 816 κατέρχομαι
352 779 358 801 :
388 766 442 802 iii.
470 767 516 803 15
540 768 604 804 οὐκ
625 766 727 804 ἔστιν
745 767 837 815 αὕτη
856 767 879 814 ἡ
899 767 1020 815 σοφία
1039 767 1178 805 ἄνωθεν
1197 766 1460 817 κατερχομένη.

104 820 178 857 ad.
201 820 383 868 κατήφεια
402 833 408 855 :
438 820 490 856 iv.
515 821 537 856 9
558 822 581 869 ἡ
600 822 699 871 χαρὰ
720 822 769 860 εἷς
789 820 992 869 κατήφειαν
1012 819 1325 871 (μετατραπήτω).

105 887 169 910 αθ.
193 874 325 911 κατιόω
345 887 351 909 ;
381 887 415 910 V.
442 875 464 910 3
486 875 506 911 ὁ
527 874 685 925 ἄργυρος
706 874 887 912 κατίωται.

104 941 133 964 0.
158 928 347 975 κατοικίζω
367 941 373 963 2
402 928 454 964 iV.
477 928 499 964 5
521 928 563 965 τὸ
583 931 725 977 πνεῦμα
745 927 765 965 ὃ
785 930 986 978 κατῴκισεν
1008 927 1072 976 (αἶ.
1098 926 1325 977 κατῴκησεν)
1348 931 1384 965 ἐν
1403 928 1501 976 ἡμῖν.

104 994 132 1018 e.
157 982 326 1019 καύσωνί
356 981 380 1018 1.
406 982 450 1018 11
476 982 660 1019 ἀνέτειλεν
678 983 750 1032 γὰρ
771 983 791 1019 5
811 982 916 1030 ἥλιος
934 982 1005 1019 σὺν
1024 984 1075 1031 τῷ
1090 982 1261 1019 καύσωνι.

105 1036 338 1086 καυχάομαιῖ
368 1036 391 1072 1.
415 1036 436 1071 9
458 1036 695 1086 καυχάσθωὸ
715 1035 878 1084 ἀδελφὸς
897 1036 917 1072 5
947 1035 1116 1074 ταπεινὸς
1151 1038 1188 1073 ἐν
1218 1036 1268 1086 τῷ
1296 1036 1379 1085 ὕψει
1409 1037 1531 1080 αὐτοῦ,
1566 1035 1618 1071 iv.
1658 1034 1706 1070 16

215 1090 405 1140 καυχᾶσθε
425 1093 462 1127 ἐν
479 1091 560 1129 ταῖς
577 1090 788 1137 ἀλαζονίαις
805 1091 913 1139 ὑμῶν.

104 1156 131 1180 e.
149 1143 351 1210 καύχησιςῑ
372 1144 423 1179 iV.
451 1144 497 1179 16
518 1146 624 1181 πᾶσα
643 1144 824 1194 καύχησις
843 1144 995 1192 τοιαύτη
1014 1144 1167 1193 πονηρά.

107 1197 233 1237 κενόςῑ
263 1198 303 1233 11.
327 1198 377 1234 20
417 1197 443 1233 ὠ
463 1198 631 1247 ἄνθρωπε
650 1214 739 1235 κενε.

105 1265 135 1288 0.
159 1253 288 1290 κενῶς;
318 1249 460 1299 1ν.5ἢ
490 1250 668 1289 δοκεῖτε“
648 1268 705 1289 οτι
725 1254 832 1292 κενῶς
851 1252 874 1300 ἡ
894 1252 1024 1318 γραφή
1043 1251 1172 1302 λέγει,-

106 1305 142 1342 d.
167 1304 360 1354 κερδαίνωῑ
391 1305 443 1341 iV.
462 1305 508 1342 13
526 1323 586 1343 και
602 1306 919 1355 ἐμπορευσόμεθα,
935 1306 995 1343 καὶ
1011 1306 1251 1356 κερδήσομεν.
1283 1306 1355 1342 See
1368 1319 1403 1355 p.
1419 1304 1581 1349 clxxxii,
1597 1303 1710 1341 ccxii.

107 1358 246 1396 κλαίωῑ
275 1359 327 1394 iV.
352 1359 373 1394 9
406 1360 718 1409 ταλαιπωρήσατε
747 1360 807 1397 καὶ
836 1360 1047 1409 πενθήσατε
1080 1360 1140 1397 καὶ
1173 1360 1372 1406 κλαύσατε,
1395 1373 1431 1396 V.
1468 1360 1486 1396 1
1523 1359 1714 1396 κλαύσατε

218 1413 470 1460 ὀλολύζοντες.

109 1467 360 1515 κληρονόμος;
392 1467 431 1504 11.
455 1468 477 1503 5
500 1467 754 1516 κληρονόμους
773 1469 837 1516 τῆς
856 1467 1069 1516 βασιλείας.

110 1520 276 1558 κλύδωνε
308 1521 331 1557 1.
357 1521 378 1557 6
401 1521 515 1558 ἔοικεν
536 1520 693 1558 κλύδωνι
713 1522 913 1569 θαλάσσης
933 1522 1189 1572 ἀνεμιζομένῳ.

109 1574 140 1611 ὂ.
157 1575 320 1623 κόσμοςῖ
342 1575 365 1611 i.
391 1574 439 1612 27
462 1576 626 1612 ἄσπιλον
646 1576 774 1613 ἑαυτὸν
793 1577 916 1624 τηρεῖν
935 1576 1007 1613 ἀπὸ
1020 1578 1086 1613 τοῦ
1099 1576 1255 1626 κόσμου,
1276 1576 1314 1613 11.
1339 1576 1362 1612 5
1383 1576 1469 1616 τοὺς
1482 1575 1652 1626 πτωχοὺς
1667 1577 1717 1626 τῷ

218 1629 358 1679 κόσμῳ,
380 1629 433 1666 111.
459 1630 480 1665 6
502 1630 525 1678 ἡ
543 1631 706 1679 γλῶσσα
725 1631 808 1679 πῦρ,
832 1631 852 1667 5
868 1630 1009 1678 κόσμος
1028 1632 1092 1678 τῆς
1112 1630 1262 1673 ἀδικίας,
1276 1630 1328 1667 iV.
1345 1631 1368 1666 4
1388 1632 1411 1679 ἡ
1428 1630 1539 1679 φιλία
1553 1632 1619 1668 τοῦ
1631 1629 1718 1667 κόσ-

217 1700 290 1731 μου
311 1683 425 1733 ἔχθρα
440 1685 505 1720 τοῦ
523 1685 619 1720 Θεοῦ
639 1686 752 1721 ἐστιν·
783 1683 822 1723 ὃς
837 1685 899 1721 ἐὰν
918 1684 1093 1734 βουληθῇ
1115 1684 1227 1733 φίλος
1247 1683 1337 1722 εἶναι
1351 1687 1416 1722 τοῦ
1429 1685 1573 1734 κόσμου
1587 1683 1719 1735 ἐχθρὸς

219 1739 285 1774 τοῦ
303 1739 398 1774 Θεοῦ
418 1737 649 1776 καθίσταται.

113 1791 231 1840 κράζω
250 1804 256 1827 :
287 1803 323 1827 V.
348 1791 371 1827 4
392 1792 412 1828 5
431 1791 566 1839 μισθὸς
586 1792 606 1828 5
627 1792 933 1841 ἀφυστερημένος
952 1790 1018 1840 ἀφ’
1038 1793 1137 1841 ὑμῶν
1156 1793 1286 1842 κράζει.

113 1845 226 1894 κρίμα
244 1844 302 1894 (SO
321 1845 379 1882 Ti.
402 1845 528 1892 WH.‚
552 1847 665 1895 κρῖμα
683 1845 748 1882 Tr.
770 1845 851 1882 and
871 1845 1026 1896 obhers)
1045 1859 1053 1882 ε
1084 1846 1138 1883 111.
1166 1848 1182 1882 l
1208 1846 1343 1886 εἰδότες
1363 1846 1419 1884 ὅτι
1447 1847 1573 1896 μεῖζον
1603 1846 1717 1896 κρίμα

220 1899 459 1959 λημψόμεθα.

112 1952 245 2002 κρίνω;
275 1952 314 1989 11.
349 1953 396 1988 12
430 1953 488 1990 διὰ
521 1953 637 2002 νόμου
668 1954 876 2003 ἐλευθεριας
893 1953 1098 2002 μέλλοντες
1129 1954 1332 2004 κρίνεσθαι,
1364 1955 1415 1992 iV.
1452 1954 1497 1991 11
1534 1955 1554 1992 5
1589 1954 1720 2004 κρίνων

220 2006 387 2054 ἀδελφὸν
407 2007 518 2057 κρίνει
537 2008 660 2056 νόμον,
680 2009 710 2044 εἷ
730 2007 768 2044 δὲ
788 2008 902 2056 νόμον
917 2008 1048 2057 κρίνεις
1068 2026 1098 2045 κ.
1104 2025 1135 2046 τ.
1140 2011 1191 2054 λ.,
1208 2009 1261 2045 iV.
1288 2010 1334 2045 12
1357 2009 1406 2047 σὺ
1425 2009 1481 2049 τίς
1501 2007 1535 2045 εἶ
1551 2009 1571 2046 5
1588 2008 1720 2058 κρίνων

221 2061 286 2098 τὸν
299 2061 445 2109 ἔτερον,·
474 2074 510 2097 V.
535 2062 556 2098 9
577 2062 630 2110 μὴ
651 2061 882 2109 στενάζετε“
867 2079 924 2099 ινα
943 2063 995 2111 μὴ
1017 2063 1175 2111 κριθῆτε.

114 2115 257 2164 κρίσιςῑ
286 2114 400 2151 11.13
434 2116 458 2164 ἡ
491 2116 564 2165 γὰρ
598 2116 718 2165 κρίσις
749 2116 898 2155 ἀνελεος
917 2119 966 2167 τῷ
985 2117 1038 2165 μὴ
1057 2117 1257 2166 ποιήσαντι
1296 2118 1410 2158 ἔλεος·
1444 2119 1720 2168 κατακαυχᾶται

223 2169 326 2208 ἔλεος
345 2186 511 2230 κρισεως,
533 2183 570 2205 V.
597 2170 684 2205 12‘'
669 2187 726 2207 ινα
744 2170 798 2219 μὴ
818 2170 888 2207 ὑπὸ
909 2171 1033 2236 κρίσιν
1052 2188 1203 2220 πεσητε.

116 2223 324 2272 κριτήριον.
353 2224 394 2260 11.
417 2224 438 2260 6
462 2224 671 2261 ἕλκουσιν
655 2227 748 2272 υμᾶς
769 2241 818 2264 εις
837 2225 1013 2273 κριτήρια.

117 2277 264 2327 κριτήςῑ
289 2277 330 2313 11.
353 2278 376 2313 4
397 2278 519 2327 κριταὶ
538 2277 795 2328 διαλογισμῶν
813 2281 992 2328 πονηρῶν,
1014 2279 1066 2315 iV.
1093 2279 1138 2315 11
1163 2281 1229 2317 οὐκ
1250 2279 1284 2317 εἶ
1299 2280 1455 2329 ποιητὴς
1473 2280 1588 2329 νόμου
1617 2280 1719 2316 ἀλλὰ

224 2331 359 2380 κριτής,
382 2332 434 2368 iV.
461 2332 508 2368 12
545 2331 595 2372 εἷς
624 2332 726 2370 ἔστιν
754 2332 957 2381 νομοθέτης
977 2333 1037 2370 καὶ
1057 2333 1192 2382 κριτής,
1215 2347 1251 2370 V.
1276 2335 1297 2371 9
1334 2335 1354 2371 5
1385 2334 1510 2383 κριτὴς
1542 2334 1615 2384 πρὸ
1648 2336 1719 2371 τῶν

225 2385 343 2434 θυρῶν
367 2386 531 2434 ἕστηκεν.

115 2451 143 2474 e.
167 2438 306 2488 κτίσμα
322 2452 328 2475 :
358 2440 382 2476 i.
408 2440 456 2476 18
478 2440 650 2490 ἀπαρχήν
668 2457 750 2478 τινα
768 2442 840 2478 τῶν
858 2441 971 2478 αὐτοῦ
990 2442 1213 2490 κτισμάτων.

118 2493 282 2542 Κύριοςῑ
311 2493 336 2530 1.
376 2494 394 2529 1
424 2494 564 2543 Κυρίου
595 2493 722 2543 Ἰησοῦ
754 2496 925 2543 Χριστοῦ
953 2494 1096 2540 δοῦλος,
1117 2496 1141 2532 1.
1181 2496 1202 2533 7
1233 2496 1427 2546 λήμψεταί
1455 2513 1491 2533 τι
1520 2497 1622 2545 παρὰ
1653 2499 1720 2534 τοῦ

228 2547 378 2596 Κυρίου,
401 2547 440 2584 11.
467 2549 483 2584 1
508 2549 576 2597 τὴν
594 2548 723 2586 πίστιν
742 2551 808 2586 τοῦ
828 2549 969 2598 Κυρίου
999 2551 1102 2598 ἡμῶν
1133 2548 1261 2599 Ἰησοῦ
1291 2553 1472 2600 Χριστοῦ,
1504 2549 1561 2586 111.
1597 2551 1618 2586 9
1654 2550 1720 2588 τὸν

228 2601 369 2650 Κυρίον
388 2602 448 2639 καὶ
467 2602 632 2651 Πατέρα,
662 2603 714 2638 iV.
740 2603 789 2639 10
809 2604 1056 2652 ταπεινώθητε
1076 2604 1228 2642 ἐνώπιον
1247 2607 1313 2641 τοῦ
1334 2604 1486 2652 Κυρίου,
1507 2604 1559 2640 iV.
1585 2605 1632 2641 15
1657 2605 1720 2642 ἐὰν

229 2656 249 2692 5
274 2655 412 2704 Κύριος
433 2656 594 2707 θελήσῃ,
614 2669 651 2692 V.
675 2656 699 2692 4
721 2658 770 2696 εἷς
788 2657 835 2693 τὰ
855 2657 929 2694 ὦτα
960 2658 1102 2707 Κυρίου
1126 2658 1301 2706 Σαβαώθ,
1325 2671 1361 2695 V.
1387 2658 1422 2703 7,
1446 2659 1468 2694 8
1489 2659 1512 2707 ἡ
1531 2658 1720 2708 παρουσία

227 2711 294 2746 τοῦ
313 2709 465 2758 Κυρίου,
487 2722 522 2747 V.
550 2710 636 2746 10⁵
620 2727 657 2747 εν
675 2712 727 2760 τῷ
745 2711 898 2760 ὀνόματι
918 2712 1069 2761 Κυριόυ,
1089 2725 1126 2748 V.
1153 2712 1197 2748 11
1221 2713 1263 2750 τὸ
1282 2712 1392 2753 τέλος
1420 2713 1562 2761 Κυρίου
1595 2712 1718 2756 ειδετε,

229 2762 286 2800 ὅτι
330 2763 653 2814 πολύσπλαγχνός
700 2767 802 2802 ἐστιν
844 2766 863 2802 ὃ
911 2766 1059 2815 Κύριος,
1100 2779 1138 2803 V.
1186 2766 1235 2802 14
1277 2769 1314 2804 ἐν
1349 2768 1400 2816 τῷ
1442 2767 1595 2816 ὀνόματι
1640 2765 1723 2817 (τοῦ

227 2816 369 2865 Κυρίου
380 2816 423 2866 2),
444 2830 480 2854 V.
507 2817 553 2854 15
576 2820 696 2868 ἐγερεῖ
715 2818 826 2856 αυτὸν
854 2820 874 2856 5
903 2820 1052 2868 Κύριος.
1111 2820 1182 2857 See
1215 2833 1278 2871 pp.
1315 2820 1475 2865 clxxxv,
1508 2821 1715 2858 clxxxviii.

229 2870 292 2907 On
311 2871 380 2908 the
400 2871 544 2920 phrase
563 2872 702 2921 Κύριος
721 2874 786 2921 τῆς
805 2871 913 2922 δόξης
931 2873 980 2910 cf.
1003 2874 1121 2912 clxix

1479 2941 1556 2977 R2
