1974 3298
97 252 168 288 111
198 249 319 303 9-18]

297 353 483 385 VULGATE.

94 445 126 477 9.
146 441 193 475 111
214 441 291 486 ipsa
313 440 561 475 benedicimus
584 440 693 475 deum

93 503 130 532 et
161 499 310 541 patrem,
341 500 377 530 et
409 496 447 529 in
478 497 556 542 ipsa
584 495 693 529 male-

93 552 248 586 dicimus
264 550 431 585 homines
447 552 512 596 qui
529 551 575 585 ad
593 550 693 584 simi-

92 607 288 641 litudinem
314 605 373 639 dei
398 605 484 640 facti
513 610 622 641 sunt:
651 607 695 639 10

91 674 136 697 ex
149 663 226 707 ipso
240 672 299 695 ore
312 661 475 706 procedit
487 661 693 695 benedictio

90 722 128 752 et
156 716 372 751 maledictio.
425 715 510 750 Non
540 720 691 762 oportet,

90 772 217 807 fratres
260 771 343 814 mei,
381 771 468 805 haec
510 771 561 806 ita
602 771 691 806 fieri.

93 831 133 862 11
166 827 359 872 Numquid
386 826 466 860 fons
493 826 537 860 de
566 826 693 861 eodem

90 883 265 918 foramine
336 886 480 916 emanat
547 881 692 916 dulcem

88 943 126 973 et
147 949 306 972 amaram
328 937 485 983 aquam‘.2
513 940 555 971 12
575 936 692 971 Num-

88 994 178 1039 quid
234 996 364 1039 potest,
421 992 549 1027 fratres
608 992 690 1035 mei,

88 1050 177 1084 ficus
217 1061 307 1083 uuas
343 1048 458 1083 facere
499 1053 564 1083 aut
604 1049 693 1082 uitis

88 1105 204 1140 ficus?
238 1104 298 1139 Sic
332 1116 449 1150 neque
483 1104 575 1138 salsa
608 1103 690 1138 dul-

89 1172 166 1195 cem
214 1164 333 1206 potest
380 1160 495 1194 facere
544 1171 687 1205 aquam.

90 1219 133 1251 13
163 1216 252 1259 Quis
285 1216 427 1261 sapiens
460 1219 496 1249 et
529 1215 689 1260 discipli-

88 1275 195 1306 natus
215 1271 312 1305 inter
335 1270 424 1305 uos?
449 1270 616 1305 ostendat
645 1282 689 1304 ex

86 1328 181 1362 bona
214 1326 486 1360 conuersatione
514 1326 689 1372 operatio-

87 1394 172 1417 nem
189 1393 291 1416 suam
312 1381 357 1425 (a)
377 1382 417 1415 in
440 1381 689 1416 mansuetudi-

86 1449 170 1472 nem
189 1438 246 1479 (β)
261 1437 468 1482 sapientiae.
522 1440 565 1470 14
583 1435 690 1478 Quod

85 1494 117 1528 si
143 1493 261 1527 zelum
291 1504 456 1527 amarum
485 1492 627 1526 habetis
654 1496 690 1526 et

86 1549 333 1583 contentiones
369 1548 417 1593 (y)
452 1548 493 1582 in
520 1547 688 1582 cordibus

84 1604 224 1647 uestris,
240 1603 353 1637 nolite
371 1603 517 1648 gloriari
535 1607 570 1637 et
588 1614 688 1637 men-

85 1659 189 1694 daces
205 1670 278 1693 esse
292 1658 465 1693 aduersus
484 1659 685 1692 ueritatem.

88 1718 130 1749 15
155 1714 240 1748 Non
263 1718 316 1748 est
344 1715 389 1759 (δ)
419 1715 488 1748 ista
511 1714 689 1759 sapientia

84 1770 129 1804 de
171 1781 314 1804 sursum
356 1769 583 1811 descendens,
627 1769 687 1803 sed

81 1829 226 1860 terrena
283 1825 451 1859 animalis
498 1824 686 1858 diabolica.

89 1883 131 1915 16
166 1880 244 1915 Ubi
277 1880 376 1914 enim
410 1880 508 1914 zelus
537 1884 574 1914 et
606 1891 685 1914 con-

83 1936 211 1979 tentio,
261 1935 315 1969 ibi
362 1935 606 1970 inconstantia
653 1940 688 1969 et

85 2003 190 2026 omne
205 2002 294 2036 opus
311 2002 478 2036 prauum.
525 1992 566 2026 17
589 1990 687 2032 Quae

85 2050 207 2081 autem
218 2046 261 2080 de
276 2057 419 2080 sursum
433 2050 487 2080 est
498 2046 685 2091 sapientia,

84 2103 246 2148 primum
279 2101 428 2146 quidem
457 2101 591 2147 pudica
623 2106 686 2144 est,

84 2157 215 2191 deinde
236 2157 395 2202 pacifica,
419 2157 589 2199 modesta,
609 2169 687 2191 sua-

84 2212 210 2246 dibilis
236 2213 290 2256 (ε),
309 2212 418 2257 plena
440 2212 687 2247 misericordia

84 2272 121 2301 et
155 2267 334 2302 fruct-ibus
370 2267 483 2310 bonis,
520 2279 595 2301 non
631 2268 686 2301 iu-

84 2323 208 2357 dicans
244 2323 302 2367 (ζ),
332 2323 408 2357 sine
442 2322 684 2359 simulatione.

87 2381 129 2412 18
171 2378 326 2412 Fructus
364 2382 486 2412 autem
524 2378 685 2413 iustitiae

84 2433 124 2467 in
140 2445 225 2478 pace
243 2433 443 2468 seminatur
466 2433 684 2468 facientibus

81 2499 217 2533 pacem.

118 2567 159 2599 (α)
177 2568 207 2593 F.
225 2575 310 2599 opera
323 2577 382 2595 sua.

117 2603 159 2633 (β)
179 2602 207 2628 F.
223 2603 349 2627 eruditae..

117 2635 158 2669 (γ)
176 2636 205 2661 F'.
221 2636 292 2661 adds
305 2639 378 2663 sunt,

117 2670 155 2700 (δ)
173 2670 203 2694 F.
219 2670 292 2694 adds
305 2672 388 2696 enim.

106 2703 154 2735 ’(ε)
171 2703 252 2734 spec.
279 2705 351 2735 Aug.
379 2704 434 2729 and
464 2705 494 2730 F.
524 2705 580 2730 add
605 2705 684 2730 bonis

83 2739 262 2769 consentiens,
295 2738 447 2764 doubtless
479 2746 495 2763 a
528 2740 608 2770 gloss
645 2746 683 2764 on

84 2771 243 2795 suadibilis.
474 2789 475 2793 ,

117 2804 158 2836 (ζ)
177 2805 259 2836 Spec.
274 2805 345 2837 Aug.
361 2806 540 2835 diiudicans:
561 2807 590 2831 F.
603 2806 682 2837 joins

84 2838 155 2862 with
175 2838 225 2863 the
247 2839 397 2871 following
417 2840 521 2871 words,
544 2841 682 2872 omitting

81 2879 157 2903 mmm,-
178 2873 339 2904 Angustiae
355 2874 578 2899 inaestimabilis.

655 250 828 288 LATIN
858 252 1136 290 VERSIONS

893 354 1039 386 ConBEY
1063 356 1134 388 MS.

725 441 746 473 9
766 438 812 472 In
829 439 915 485 ipsa·
928 439 1177 476 benedicimus
1195 443 1310 477 domi—

724 505 816 528 num
834 499 870 528 et
885 499 1037 540 patrem,
1059 501 1094 530 et
1111 509 1176 543 per
1193 498 1309 544 ipsam

725 549 977 585 maledicimus
994 550 1161 586 homines
1184 554 1249 598 qui
1265 554 1310 588 ad

724 605 1008 641 similitudinem
1026 607 1085 641 dei
1110 607 1197 642 facti
1214 613 1309 643 sunt.

727 663 770 695 10
786 672 828 695 ex
842 661 922 707 ipso
940 673 998 696 ore
1011 663 1087 697 exit
1107 663 1311 698 benedictio

723 720 759 750 et
776 717 992 752 maledictio.
1020 718 1106 752 Non
1124 718 1224 753 decet
1241 719 1311 754 fra—

725 776 797 806 tres
827 773 900 807 mei
929 773 1017 808 haec
1047 774 1097 808 sic
1125 775 1214 810 fieri.
1268 778 1308 809 11

724 827 919 873 Numquid
947 829 1028 863 fons
1056 841 1099 864 ex
1123 842 1197 865 uno
1218 830 1309 865 fora-

723 883 822 917 mine
833 884 945 918 bullit
952 885 1097 920 dulcem
1105 890 1140 920 et
1147 887 1198 921 sal
1203 887 1310 921 maci—

722 938 833 973 dum?
849 942 891 973 12
904 940 1309 988 Numquidpotest‚fra—

722 997 794 1028 tres
802 995 883 1038 mei,
892 995 981 1030 ficus
989 996 1105 1032 oliuas
1112 998 1237 1041 facere,
1247 1004 1310 1033 aut

721 1050 810 1084 uitis
828 1050 943 1085 fieus?
967 1051 1026 1086 Sic
1055 1065 1121 1087 nec
1146 1054 1309 1089 salmaci-

721 1106 811 1140 dum
841 1106 987 1141 dulcem
1016 1107 1132 1144 facere
1164 1121 1306 1155 aquam.

722 1162 766 1195 13
793 1161 884 1204 Quis
911 1163 1053 1209 sapiens
1083 1169 1118 1198 et
1147 1165 1308 1212 discipli-

719 1229 829 1251 nosus
847 1218 887 1252 in
902 1218 1004 1253 uobis
1021 1220 1246 1256 demonstrat
1263 1222 1307 1256 de

720 1273 814 1308 bona
828 1276 1100 1311 conuersatione
1119 1289 1227 1323 opera
1244 1290 1308 1313 sua

719 1329 759 1362 in
777 1330 975 1375 sapientiae
994 1331 1188 1368 clementia
1200 1340 1216 1356 a
1232 1334 1243 1368 2
1263 1335 1307 1368 14

721 1385 760 1418 Si
778 1390 899 1420 autem
918 1387 1037 1421 zelum
1060 1400 1225 1423 amarum
1243 1390 1305 1425 ha-

719 1440 811 1475 betis
825 1447 860 1475 et
872 1444 1141 1478 contentionem
1154 1445 1193 1479 in
1204 1457 1305 1491 prae-

720 1497 851 1531 cordiis
885 1499 1024 1542 uestris7
1065 1501 1156 1545 quid
1185 1501 1305 1547 alapa-

712 1552 834 1586 minib
846 1554 1063 1589 mentientes
1074 1561 1199 1591 contra
1212 1558 1306 1592 ueri-

717 1609 856 1643 tatem?
885 1612 925 1643 15
946 1610 1030 1644 Non
1053 1616 1106 1645 est
1129 1613 1306 1658 sapientia

718 1676 810 1709 quae
859 1665 1044 1700 descendit
1102 1668 1303 1713 desursum,

718 1719 779 1754 sed
801 1721 989 1765 terrestris,
1018 1723 1197 1767 animalis,
1223 1725 1304 1760 dae-

718 1776 907 1811 monetica.
963 1780 1005 1812 16
1055 1778 1132 1814 Ubi
1180 1785 1304 1816 autem

717 1831 815 1866 zelus
864 1836 899 1866 et
944 1835 1139 1878 contentio,
1180 1836 1304 1871 incon-

718 1891 816 1921 stans
850 1888 903 1922 ibi
937 1892 973 1923 et
1006 1901 1114 1924 omne
1147 1903 1304 1937 prauum

717 1944 920 1987 negotium.
974 1945 1015 1980 17
1067 1946 1137 1981 Dei
1181 1952 1304 1983 autem

718 1999 895 2043 sapientia
912 2001 1075 2046 primum
1099 2008 1221 2038 sancta
1240 2008 1302 2047 est,

718 2054 850 2089 deinde
882 2056 1033 2104 pacifica
1056 2061 1100 2092 et
1129 2069 1303 2094 uerecun-

718 2109 797 2144 diae
825 2112 1062 2155 consentiens,
1097 2114 1206 2159 plena
1236 2116 1302 2150 mi-

718 2166 929 2200 sericordiae
948 2171 983 2201 et
1010 2167 1198 2204 fructuum
1215 2171 1300 2205 bon-

717 2233 832 2265 orum,
860 2223 1231 2270 sine-diiudicatione‚
1255 2227 1303 2261 ir-

716 2277 1041 2323 1611161161151111115,6
1075 2281 1152 2316 siue
1186 2281 1302 2329 hypo-

717 2333 810 2368 crisi.
856 2337 898 2369 18
914 2335 1070 2370 Fructus
1087 2341 1209 2372 autem
1228 2339 1300 2380 ius-

715 2388 817 2423 titiae
842 2390 883 2424 in
909 2403 994 2436 pace
1018 2393 1219 2428 seminatur
1237 2395 1301 2441 qui

715 2443 854 2478 faciunt
872 2457 1007 2491 pacem.

750 2526 764 2540 Ρ*
784 2527 820 2552 So
833 2527 904 2557 MS.;
919 2530 1102 2561 clementiam,
1115 2530 1179 2555 Sab.
1189 2531 1246 2556 and
1254 2531 1297 2557 W.

715 2560 784 2585 final
797 2569 822 2586 m
836 2562 922 2594 being
935 2563 1016 2588 often
1029 2564 1151 2589 omitted
1166 2565 1196 2590 in
1210 2566 1269 2591 MS.

733 2594 765 2613 'b
787 2595 949 2627 Martianay
969 2598 1123 2630 suggested
1136 2600 1297 2631 eleuamini,

714 2628 767 2653 but
775 2629 827 2660 Bp.
834 2630 1028 2661 Wordsworth
1035 2632 1122 2657 refers
1130 2633 1299 2665 toDucange

712 2663 758 2687 for
768 2663 819 2688 the
832 2663 910 2693 ⁴uloss
923 2665 1242 2699 alapatorzxauxvyrfic.

749 2695 761 2709 c
780 2697 925 2729 Probably
940 2704 956 2723 a
969 2699 1047 2728 gloss
1061 2706 1098 2724 on
1111 2707 1131 2724 8.
1148 2701 1186 2725 cli.
1202 2700 1298 2726 which

712 2730 765 2756 has
778 2732 827 2763 got
840 2732 902 2757 into
915 2732 964 2757 the
977 2734 1053 2758 text.-

1650 255 1699 293 17

1370 358 1567 390 SPECULUM
1591 367 1668 390 ΛΝΒ

1392 401 1642 434 PRISCILLIAN.

1340 443 1533 479 hominum
1552 445 1697 480 domare

1340 509 1447 532 nemo
1480 503 1599 544 potest
1631 511 1698 534 nec

1341 554 1496 588 retinere
1529 566 1550 588 a
1588 555 1694 598 malo,

1341 609 1427 653 quia
1480 609 1589 654 plena
1644 614 1696 644 est

1342 664 1487 698 mortali
1505 676 1654 700 veneno.

1389 1165 1431 1196 13
1460 1163 1530 1208 (W.
1553 1175 1588 1209 p.
1609 1166 1692 1208 463)

1338 1217 1428 1260 Quis
1465 1219 1625 1263 prudens
1659 1225 1695 1255 et

1337 1273 1452 1307 sciens
1501 1278 1666 1309 uestrum
1685 1278 1691 1310 !

1338 1328 1519 1363 Monstret
1536 1329 1580 1364 de
1598 1330 1694 1365 bona

1336 1385 1609 1420 conuersatione
1631 1398 1692 1432 op—

1335 1451 1395 1474 era
1406 1440 1520 1474 suain
1528 1453 1691 1476 mansue-

1335 1496 1463 1530 tudine
1481 1501 1517 1530 et
1533 1497 1692 1542 pruden-

1334 1552 1395 1586 tia.
