1974 3298
279 193 356 229 240
714 192 899 229 INDEX
928 192 995 230 OF
1025 192 1219 229 GREEK
1247 192 1446 230 WORDS

277 298 498 347 ἐργάζομαιῑ
528 297 552 333 i.
577 298 626 333 20
647 297 740 346 ὀργὴ
761 296 997 345 δικαιοσύνην
1017 299 1081 335 οὐκ
1101 299 1302 348 ἐργάζεται,
1326 297 1366 334 ii.
1391 298 1412 334 9
1429 299 1460 334 εἰ
1477 299 1877 347 προσωπολημπτεῖτε,

387 350 568 400 ἁμαρτίαν
588 351 798 401 ἐργάζεσθε.
859 351 929 387 See
949 364 985 399 p.
1007 364 1116 387 CCXX.

278 404 434 454 ἐργάτης
450 417 457 440 :
486 417 522 440 V.
546 404 570 440 4
587 405 605 441 ὃ
625 404 761 453 μισθὸς
779 407 850 441 τῶν
871 407 1032 455 ἐργατῶν
1051 408 1122 443 τῶν
1150 405 1374 454 ἀμησάντων
1392 405 1458 445 τὰς
1475 405 1606 455 χώρας.

277 458 385 508 ἔργον
403 471 409 493 t
439 458 463 494 i.
487 458 511 493 4
530 459 553 506 ἡ
567 457 604 495 δὲ
622 458 790 507 ὑπομονὴ
807 458 915 508 ἔργον
929 458 1071 496 τέλειον
1085 459 1209 509 ἐχέτω,
1226 460 1250 495 i.
1267 459 1315 495 25
1333 460 1398 496 οὐκ
1413 459 1594 507 ἀκροατὴς
1609 459 1710 496 ἀλλὰ
1723 458 1877 507 ποιητὴς

387 511 506 561 ἔργου,
546 511 588 547 ii.
625 512 686 556 14,
727 511 786 556 17,
823 512 870 548 18
911 512 1001 561 ἔργα
1043 512 1149 563 ἔχειν,
1185 513 1225 549 ii.
1264 513 1325 557 20,
1358 513 1407 548 26
1442 513 1465 560 ἡ
1505 513 1631 552 πίστις
1661 511 1773 562 χωρὶς
1805 514 1875 549 τῶν

386 565 511 615 ἔργων,
533 565 573 601 ii.
606 566 668 609 21,
701 566 763 610 24,
799 565 848 601 25
883 565 924 610 ἐξ
953 566 1069 617 ἔργων
1098 566 1339 611 δικαιοῦσθαι,
1367 566 1407 603 ii.
1438 567 1487 601 22
1515 567 1538 614 ἡ
1557 566 1683 605 πίστις
1701 565 1876 615 συνήργει

383 620 461 658 τοῖς
491 621 611 669 ἐργοις
630 619 690 656 καὶ
711 622 750 656 ἐκ
769 622 840 657 τῶν
860 619 974 670 ἔργων
1005 621 1208 668 ἐτελειώθη,
1238 620 1294 657 iii.
1328 620 1375 656 13
1411 619 1560 664 δειξάτω
1593 622 1631 656 ἐκ
1664 621 1728 668 τῆς
1761 621 1875 667 καλῆς

386 675 626 722 ἀναστροφῆς
640 674 686 710 τὰ
707 673 805 723 ἔργα.

274 726 309 763 (ἰ.
335 726 451 775 ἐριθία
473 726 641 776 (ἐριθεία)
660 740 666 762 z
696 727 750 763 iii.
778 727 825 763 14
847 729 959 776 ζῆλον
978 728 1108 777 πικρὸν
1129 728 1230 778 ἔχετε
1250 727 1310 764 καὶ
1331 727 1477 775 ἐριθίαν,
1506 728 1560 763 iii.
1587 727 1634 763 16
1669 728 1780 774 ζῆλος
1815 725 1874 762 καὶ

388 780 513 828 ἐριθία.

278 833 452 882 ἑρπετόν;
479 833 534 870 iii.
560 834 580 871 7
602 836 709 871 πᾶσα
738 834 853 883 φύσις
874 836 1032 884 ἑρπετῶν
1050 851 1090 872 τε
1110 835 1170 872 καὶ
1191 835 1354 872 ἐναλίων.

276 889 344 935 ἐρῶ
361 900 368 923 1
397 887 436 924 ii.
464 888 510 924 18
532 886 618 924 ἀλλ’
638 889 713 937 ἐρεῖ
729 905 794 932 τις,
816 889 869 929 Σὺ
888 888 1016 926 πίστιν
1036 889 1140 939 ἔχεις.

275 941 388 990 ἐσθής
407 954 413 977 :
443 942 472 977 ii
493 942 514 977 2
537 942 666 990 ἐσθῆτι
686 944 844 991 λαμπρᾷ
862 940 896 992 ><
916 943 1061 993 ῥυπαρᾷ
1081 943 1220 991 ἐσθῆτι,
1243 942 1282 978 ii.
1307 943 1328 978 3
1350 942 1414 980 τὸν
1434 944 1622 991 φοροῦντα
1641 943 1708 991 τὴν
1737 942 1877 991 ἐσθῆτα

384 996 452 1044 τὴν
470 996 656 1044 λαμπράν.

276 1049 389 1087 ἐσθίω
409 1062 415 1084 :
445 1062 481 1086 V.
506 1050 527 1086 3
545 1050 564 1087 ὃ
586 1049 637 1089 ἰὸς
658 1050 817 1099 φάγεται
835 1050 901 1089 τὰς
920 1050 1062 1099 σάρκας
1081 1051 1188 1099 ὑμῶν.
1249 1050 1319 1087 See
1340 1063 1401 1099 pp.
1426 1049 1589 1095 elxxxii,
1610 1050 1720 1086 ccxii.

277 1102 483 1152 ἔσοπτρονῑ
513 1103 536 1139 i.
561 1104 610 1139 23
632 1106 817 1141 κατανοῶν
835 1104 878 1141 τὸ
897 1104 1099 1152 πρόσωπον
1119 1106 1156 1141 ἐν
1182 1104 1361 1154 ἐσόπτρῳ.

277 1156 437 1206 ἔσχατος
454 1169 461 1192 :
491 1170 527 1193 V.
552 1158 573 1193 3
596 1157 868 1205 ἐθησαυρίσατε
888 1160 926 1194 ἐν
946 1158 1122 1208 ἐσχάταις
1142 1158 1303 1207 ἡμέραις.

277 1210 419 1259 ἔτεροςῑ
449 1210 489 1247 ii.
513 1210 561 1246 25
585 1211 690 1261 ἑτέρᾳ
709 1210 779 1261 ὁδῷ
799 1211 1028 1259 ἐκβαλοῦσα.

276 1263 427 1303 εὖθέωςῖ
457 1264 481 1300 i.
504 1264 554 1300 24
576 1264 705 1304 εὐθέως
725 1265 925 1302 ἐπελάθετο
945 1266 1072 1304 ὁποῖος
1091 1264 1144 1313 ἦν.

276 1317 436 1365 εὐθυμέω
455 1331 461 1354 :
491 1331 527 1354 V.
554 1319 601 1354 13
624 1318 772 1366 εὐθυμεῖ
788 1318 869 1361 τίς,·
898 1318 1082 1367 ψαλλέτω.

276 1372 434 1409 εὐθύνωε
463 1371 517 1408 iii.
542 1372 565 1407 4
585 1373 608 1420 ἡ
628 1372 725 1421 ὁρμὴ
745 1374 810 1409 τοῦ
830 1372 1050 1411 εὐθύνοντος.

275 1425 458 1475 εῧλογέωῑ
487 1425 542 1462 iii.
566 1426 587 1462 9
611 1428 648 1463 ἐν
675 1426 768 1475 αὐτῇ
797 1427 1022 1475 εὐλογοῦμεν
1040 1426 1104 1463 τὸν
1123 1426 1226 1463 Θεόν.

275 1479 451 1529 εὖλογία;
481 1479 535 1515 iii.
560 1480 607 1515 10
636 1479 787 1529 εὐλογία
811 1480 871 1516 καὶ
899 1479 1049 1528 κατάρα.

275 1533 344 1569 cd.
368 1533 535 1582 εὐπειθής
553 1546 559 1569 :
588 1533 643 1569 iii.
670 1532 717 1570 17
738 1534 760 1581 ἡ
781 1532 818 1570 δὲ
838 1533 975 1571 ἄνωθεν
1003 1533 1124 1581 σοφία
1144 1534 1321 1582 εὐπειθής.

274 1600 301 1623 c.
327 1586 546 1636 εὐπρέπειαῑ
577 1587 600 1623 i.
626 1587 670 1623 11
695 1588 717 1635 ἡ
738 1587 932 1635 εὐπρέπεια
951 1589 1016 1624 τοῦ
1034 1587 1238 1636 προσώπου
1267 1589 1388 1624 αὐτοῦ.

275 1640 364 1690 εὐχή
384 1653 390 1676 :
420 1653 456 1677 V.
483 1640 529 1676 15
550 1641 573 1689 ἡ
591 1641 680 1691 εὐχὴ
699 1642 763 1689 τῆς
781 1641 941 1680 πίστεως
956 1641 1073 1678 σώσει
1091 1642 1156 1679 τὸν
1175 1642 1371 1689 κάμνοντα.

277 1695 430 1744 εὔχομαι
449 1707 456 1730 :
486 1707 522 1731 V.
548 1695 594 1731 16
617 1695 771 1744 εὔχεσθε
789 1696 879 1743 ὑπὲρ
900 1695 1088 1743 ἀλλήλων,
1109 1695 1206 1735 ὅπως
1227 1696 1360 1743 ἰαθῆτε.

275 1748 346 1785 cd.
370 1749 577 1798 ἐφήμερος;
608 1749 647 1784 ii.
674 1749 719 1784 15
741 1750 806 1796 τῆς
825 1749 1013 1797 ἐφημέρου
1031 1751 1186 1798 τροφῆς.

276 1802 413 1852 ἔχθρα;
443 1803 494 1839 iV.
518 1803 542 1838 4
562 1803 584 1851 ἡ
605 1803 715 1851 φιλία
734 1804 800 1840 τοῦ
819 1803 963 1851 κόσμου
984 1803 1097 1853 ἔχθρα
1116 1805 1181 1840 τοῦ
1200 1805 1294 1840 Θεοῦ
1314 1806 1424 1840 ἐστιν.

276 1856 428 1906 ἐχθρόςῑ
458 1856 510 1892 iV.
534 1856 557 1892 4
579 1856 692 1905 φίλος
711 1859 776 1894 τοῦ
797 1856 950 1905 κόσμου,
973 1856 1104 1906 ἐχθρὸς
1122 1859 1188 1894 τοῦ
1210 1859 1313 1894 Θεοῦ.

276 1910 347 1960 ἔχω
366 1923 372 1945 :
402 1909 425 1945 i.
449 1909 473 1945 4
493 1911 515 1958 ἡ
536 1911 703 1959 ὑπομονὴ
724 1911 832 1959 ἔργον
845 1910 988 1947 τέλειον
1008 1911 1130 1960 ἐχέτω,
1154 1910 1193 1947 ii.
1219 1911 1235 1946 1
1260 1911 1312 1959 μὴ
1333 1914 1370 1949 ἐν
1388 1911 1751 1961 προσωπολημψίαις
1772 1911 1872 1960 ἔχετε

381 1964 449 2012 τὴν
468 1964 606 2008 πίστιν,
639 1964 677 2000 ii.
713 1965 761 2000 14
782 1964 909 2002 πίστιν
930 1965 1034 2014 ἔχειν,
1057 1964 1097 2000 ii.
1133 1965 1192 2008 14,
1218 1963 1277 2008 17,
1303 1965 1349 2001 18
1372 1965 1461 2015 ἔργα
1481 1965 1587 2015 ἔχειν,
1609 1965 1663 2001 iii.
1689 1965 1738 2001 14
1759 1967 1873 2013 ζῆλον

382 2017 488 2067 ἔχειν,
509 2018 560 2054 iV.
585 2019 605 2053 2
629 2017 846 2066 ἐπιθυμεῖτε,
869 2018 928 2055 καὶ
949 2020 1013 2055 οὐκ
1044 2018 1153 2068 ἔχετε.
1213 2018 1284 2054 See
1308 2032 1342 2068 p.
1366 2031 1476 2055 CCXX.

277 2071 365 2111 ἕωςῑ
398 2070 545 2121 (prop.)
566 2084 601 2107 v.
628 2071 649 2109 7
672 2072 735 2111 ἕως
754 2074 818 2120 τῆς
836 2072 1042 2119 παρουσίας
1070 2073 1136 2109 τοῦ
1164 2072 1326 2121 Κυρίουῑ
1358 2073 1420 2112 ἕως
1449 2071 1501 2116 οῦ,
1524 2070 1706 2123 p.'’XXiii]3
1737 2071 1870 2121 (conj.)

386 2138 422 2162 V.
449 2124 470 2162 7
491 2126 737 2174 μακροθυμῶν
757 2126 819 2165 ἕως
838 2125 955 2176 λάβῃ.
1013 2126 1085 2163 See
1106 2139 1140 2175 p.
1163 2126 1288 2162 ccviii.

1059 2267 1085 2300 Z

275 2372 371 2419 ζάωε
401 2371 452 2407 iv.
479 2370 525 2406 15
548 2371 609 2407 ἐὰν
629 2371 648 2407 ὁ
669 2371 806 2419 Κύριος
826 2371 980 2421 θελήσῃ,
1004 2370 1063 2407 καὶ
1083 2370 1245 2418 ζήσομεν
1264 2371 1336 2408 καὶ.
1349 2401 1371 2407 ..

277 2427 409 2473 ζῆλοςῖ
439 2424 492 2460 iii.
520 2424 567 2460 14
589 2425 701 2472 ζῆλον
719 2424 860 2472 πικρόν,
882 2424 935 2460 iii.
963 2425 1008 2460 16
1031 2426 1142 2472 ζῆλος
1161 2424 1221 2461 καὶ
1241 2425 1367 2473 ἐριθία.

276 2478 419 2527 ζηλόωε
450 2478 502 2514 iv.
526 2478 547 2513 2
569 2479 723 2526 ζηλοῦτε
743 2478 802 2514 καὶ
822 2479 864 2514 οὐ
883 2477 1043 2516 δύνασθε
1062 2479 1253 2527 ἐπιτυχεῖν.

277 2532 372 2581 ζωήῑ
402 2532 425 2568 i.
454 2533 500 2568 12
521 2532 585 2569 τὸν
603 2531 792 2580 στέφανον
810 2533 874 2580 τῆς
893 2534 994 2580 ζωῆς,
1014 2532 1064 2569 iV.
1091 2532 1139 2567 14
1159 2532 1247 2569 ποία
1268 2533 1288 2580 ἡ
1309 2533 1381 2581 ζωὴ
1400 2534 1522 2581 ὗμῶν;

1054 2669 1090 2702 Η

275 2771 321 2819 ἤῑ
344 2769 483 2821 (παπ)
500 2769 550 2807 iv.
568 2770 590 2806 5
608 2770 630 2819 ἦ
645 2769 782 2807 δοκεῖτε
795 2769 850 2806 ὅτι
867 2772 1043 2814 κενῶς...,·
1066 2768 1123 2820 (=
1136 2769 1222 2819 aut)
1236 2770 1259 2806 i.
1279 2770 1339 2814 17,
1356 2770 1394 2807 ii.
1413 2771 1447 2815 3,
1465 2770 1525 2815 15,
1540 2770 1595 2807 iii.
1614 2771 1671 2815 12,
1684 2771 1734 2807 iV.
1754 2770 1865 2814 1,13‚

387 2823 446 2861 15.
532 2878 553 2901 ⁵)

275 2878 453 2927 ἡγέομαι;
483 2877 496 2913 i
533 2902 552 2913 ..
573 2880 700 2915 πᾶσαν
718 2877 837 2927 χαρὰν
856 2876 1063 2925 ἡγήσασθε.
