1974 3298
161 163 212 200 40
570 163 683 200 THE
713 162 939 200 EPISTLE
967 162 1034 199 OF
1063 162 1132 198 ST.
1163 161 1346 198 JAMES

162 267 266 316 Only
286 267 409 304 found
431 267 523 304 here
546 268 586 303 in
620 268 716 305 N.T.
778 267 836 305 Cf.
873 268 990 304 Philo
1019 268 1169 303 Incorr.
1205 265 1345 302 Muml.
1379 265 1434 301 M.
1467 266 1505 301 ii.
1540 278 1575 313 p.
1608 265 1682 301 511
1719 266 1749 301 εἰ

158 322 210 370 μὴ
230 321 320 370 πρὸς
351 321 493 370 ἀνέμων
521 322 701 370 ῥιπίζοιτο
730 322 772 359 τὸ
802 320 1015 369 ὕδωρ..,ὖφ’
1048 320 1207 370 ἡσυχίας
1235 321 1434 367 νεκροῧται,
1463 319 1541 355 {ind
1573 333 1596 355 a
1625 318 1748 355 comio

159 375 360 422 fragment
380 375 422 411 in
451 375 530 411 Dio
560 375 652 411 Chr.
688 376 748 411 32.
783 389 818 424 p.
854 376 930 411 368
964 374 1078 423 δῆμος
1103 375 1267 410 ἄστατον
1297 373 1419 416 κακόν,
1448 370 1452 422 l
1478 373 1537 409 καὶ
1568 372 1749 421 θαλάσσῃ

158 427 266 465 πάνθ’
289 428 417 477 ὅμοιον
436 427 496 466 ὑπ’
515 428 650 477 ἀνέμου
668 428 858 477 ῥιπίζεται,
881 429 1088 476 Aristoph.
1113 427 1214 463 Rau.
1239 426 1328 468 360,
1360 425 1477 462 Philo
1507 427 1589 473 Giy.
1621 427 1677 462 M.
1713 427 1746 461 1.

156 494 192 530 p.
228 482 303 517 269
338 482 421 519 ἰδών
447 499 502 522 τις
532 483 596 519 τὸν
627 485 664 520 ἐν
696 484 776 522 ταῖς
807 484 941 532 ψυχαῖς
972 482 1128 518 ἄλεκτον
1158 480 1218 517 καὶ
1249 479 1372 527 βαρὺν
1403 483 1572 529 χειμῶνα,
1607 479 1646 519 ὃς
1677 480 1750 516 ὑπὸ

154 535 372 584 βιαιοτάτης
410 539 530 585 φορᾶς
575 538 646 573 τῶν
685 538 777 573 κατὰ
814 536 901 584 βίον
938 535 1165 584 πραγμάτων
1202 533 1483 581 ἀναῤῥιπίζεται,
1522 534 1749 582 τεθαύμακεν

157 589 302 628 εἰκότως
333 590 366 626 εἴ
390 607 445 629 τις
474 593 511 627 ἐν
540 589 696 627 κλύδωνι
729 589 978 637 κυμαινούσης
1011 588 1210 635 θαλάσσης
1242 587 1409 636 γαλήνην
1439 588 1541 637 ἄγειν
1573 587 1746 624 δύναταιτ

156 641 363 690 Epictetus
383 644 408 680 i.
432 644 466 679 4.
493 644 539 680 19
562 643 633 679 has
653 657 675 678 a
696 643 847 679 similar
867 655 936 678 use
957 641 997 678 of
1016 640 1352 690 μεταῤῥιπίζεσθαι.

210 694 243 732 7.
267 702 313 745 μὴ
326 702 392 745 γὰρ
406 695 557 748 οἰέσθω.]
577 696 673 733 Τ1115
685 698 718 732 15
731 697 799 733 the
812 696 907 744 only
919 708 1083 745 passage
1095 695 1138 730 in
1151 694 1248 730 NJP.
1263 694 1395 730 where
1408 693 1477 730 the
1491 694 1587 730 verb
1600 707 1748 737 occurs,

155 754 295 798 except
316 749 418 798 οἶμαι
438 750 547 786 John
568 751 648 786 xxi.
674 751 734 792 ⁶25,
758 752 918 797 οἰόμενοι
938 749 1039 785 Phil.
1064 748 1087 784 i.
1113 747 1171 785 17.
1232 747 1366 796 Οἵησις
1394 748 1428 784 15
1448 748 1559 784 often
1579 748 1675 784 used
1705 748 1746 783 in

153 802 269 839 Philo
289 803 331 839 in
350 816 372 839 a
393 803 469 840 bad
489 817 601 840 sense
614 822 645 834 =
658 803 758 848 δόξα,
778 817 822 840 as
842 803 1013 852 opposed
1032 807 1074 838 to
1095 801 1293 849 ἐπιστήμη.
1334 801 1450 837 Fides
1465 814 1544 838 non
1563 802 1751 850 opinatur

153 869 244 905 says
273 856 424 905 Bengel
453 870 503 893 on
537 858 619 894 this
645 870 821 906 passage,
846 856 1011 904 echoing
1040 856 1109 891 the
1141 855 1248 891 Stoic
1268 855 1320 903 μὴ
1341 854 1512 899 δοξάσειν
1530 855 1594 892 τὸν
1610 855 1744 903 σοφόν.

151 911 229 959 Γάρ
249 910 354 953 here,
376 911 457 947 like
476 911 545 948 the
564 911 787 960 preceding,
809 910 920 958 gives
940 910 1009 946 the
1029 921 1170 945 reason
1190 908 1254 944 for
1270 909 1413 946 αἰτείτω
1434 912 1471 946 ἐν
1490 909 1627 946 πίστει.

201 968 410 1011 ὁᾶνθρωπος
434 963 586 1015 ε’κεῖνος.]
643 965 721 1001 For
752 966 885 1003 ἐκεῖνος
918 963 1075 1012 simply,
1106 975 1149 998 aS
1184 962 1226 998 in
1259 962 1381 998 Mark
1412 963 1490 999 Xiv.
1528 963 1591 1007 21,
1624 962 1746 999 Matt.

151 1016 259 1052 xxvi.
285 1016 346 1060 24,
367 1017 445 1053 and
464 1020 621 1065 passim.

199 1078 260 1106 τοῦ
278 1068 442 1120 Κυρίου.]
481 1071 590 1108 Here
609 1071 685 1108 and
709 1071 832 1108 below
852 1071 903 1107 iv.
930 1070 991 1113 15,
1013 1083 1050 1107 v.
1077 1070 1137 1115 10,
1161 1070 1206 1106 11
1232 1069 1327 1107 used
1348 1069 1389 1106 of
1410 1069 1519 1106 God:
1549 1069 1590 1107 of
1611 1070 1746 1106 Christ

153 1121 196 1157 in
217 1122 240 1158 i.
267 1122 299 1166 1,
321 1122 362 1159 ii.
388 1124 403 1158 1
428 1125 635 1174 certainly,
656 1125 733 1161 and
754 1138 789 1160 v.
814 1125 849 1168 8,
875 1125 934 1168 14,
960 1124 1006 1160 15
1028 1124 1233 1173 probably.

206 1176 240 1212 8.
272 1180 358 1223 ἀνὴρ
383 1177 559 1229 ὃίψυχος.]
627 1179 683 1215 St.
719 1179 856 1215 James
888 1178 1112 1227 commonly
1143 1190 1233 1214 uses
1267 1177 1358 1226 ἀνήρ
1389 1178 1487 1214 with
1522 1190 1628 1214 some
1658 1177 1747 1213 cha-

152 1228 375 1265 racteristic
417 1230 532 1274 word,
572 1245 615 1269 as
653 1233 833 1281 μακάριος
870 1232 893 1268 1.
938 1232 998 1275 12,
1039 1234 1224 1268 κατανοῶν
1261 1232 1285 1268 1.
1328 1233 1388 1277 23,
1429 1231 1748 1282 χρυσοδακτύλιος

152 1282 192 1319 ii.
229 1284 264 1326 2,
299 1282 438 1322 τέλειος
467 1284 523 1320 111.
557 1287 592 1328 2,
628 1285 796 1334 keeping
827 1287 1018 1334 ἅνθρωπος
1051 1286 1114 1321 for
1147 1298 1255 1322 more
1288 1286 1448 1334 general
1480 1286 1743 1334 expressions,

152 1337 294 1377 ἐκεῖνος,
317 1338 399 1380 πᾶς,
421 1336 547 1383 οὐδείς,
569 1340 632 1376 dxc.
690 1340 785 1376 This
814 1352 951 1387 agrees
972 1339 1095 1387 fairly
1115 1339 1214 1375 with
1243 1339 1312 1375 the
1342 1352 1411 1375 use
1440 1339 1482 1375 in
1512 1340 1580 1375 the
1610 1338 1742 1374 LXX.

153 1389 231 1425 and
251 1389 438 1437 Gospels:
467 1391 510 1427 in
531 1393 600 1429 the
620 1394 739 1429 other·
755 1393 916 1442 epistles
941 1393 1032 1442 ἀνήρ
1061 1394 1094 1429 15
1125 1393 1272 1429 almost
1303 1393 1546 1441 exclusively
1577 1392 1671 1429 used
1703 1392 1745 1427 111

153 1442 375 1491 opposition
395 1447 436 1479 to
457 1446 558 1494 γυνή.
617 1447 711 1483 Τ1115
739 1447 772 1483 is
803 1447 872 1483 the
903 1447 990 1483 first
1019 1459 1262 1495 appearance
1291 1446 1333 1482 in
1362 1447 1572 1483 literature
1602 1445 1643 1482 of
1676 1446 1747 1481 the

152 1495 259 1531 word
281 1495 354 1545 δίψ.
379 1497 488 1546 (only
508 1499 633 1536 found
654 1500 746 1537 here
765 1501 843 1536 and
866 1501 991 1537 below
1010 1501 1062 1537 iv.
1087 1502 1108 1537 S
1129 1501 1171 1536 in
1193 1499 1322 1548 N.T.)‚
1345 1501 1478 1537 unless
1499 1512 1555 1536 we
1575 1500 1665 1550 give
1693 1512 1745 1535 an

151 1549 292 1586 earlier
312 1550 404 1586 date
424 1555 465 1587 to
486 1556 555 1590 the
575 1555 814 1603 apocrypha]
839 1555 981 1603 saying
1001 1555 1148 1603 quoted
1170 1554 1295 1591 below
1320 1554 1422 1590 from
1451 1554 1570 1590 Clem.
1604 1554 1716 1590 Rom.
1736 1566 1745 1597 ;

151 1603 220 1639 the
240 1603 414 1652 thought
434 1605 467 1641 is
487 1605 610 1643 found
632 1608 674 1643 in
695 1608 783 1644 Psa.
808 1608 875 1645 xii.
900 1610 920 1644 2
945 1614 953 1628 ί
968 1609 1066 1644 with
1087 1621 1110 1644 a
1131 1608 1273 1645 double
1303 1609 1418 1645 beart
1443 1607 1498 1657 (ἐν
1528 1607 1657 1658 καρδίᾳ
1686 1606 1748 1643 καὶ

151 1659 187 1693 ἐν
208 1656 353 1707 καρδίᾳ)
375 1658 424 1693 (10
445 1660 542 1710 they
564 1661 728 1710 speak1,'
755 1663 771 1698 1
797 1662 942 1699 Chron.
965 1662 1035 1698 xii.
1058 1663 1119 1705 33,
1146 1663 1162 1698 1
1189 1662 1322 1711 Kings
1342 1662 1452 1698 xviii.
1479 1663 1540 1705 21,
1564 1662 1685 1698 Sirac.
1716 1661 1741 1697 i.

153 1710 200 1746 25
221 1711 273 1759 μὴ
293 1711 497 1763 ἀπειθήσῃς
526 1715 639 1765 φόβῳ
672 1716 813 1765 Κυρίου
844 1716 903 1753 καὶ
934 1716 986 1764 μὴ
1019 1716 1235 1767 προσέλθῃς
1269 1718 1365 1766 αὐτῷ
1392 1718 1429 1753 ἐν
1457 1715 1587 1766 καρδίᾳ
1616 1715 1743 1763 δισσῇ,

149 1764 198 1801 ib.
231 1765 271 1800 ii.
311 1766 358 1801 12
399 1768 481 1804 οὐαὶ
519 1770 725 1819 ἁμαρτωλῷ
760 1770 988 1816 ἐπιβαίνοντι
1018 1771 1078 1807 ἐπὶ
1112 1769 1177 1807 δύο
1214 1770 1504 1818 τρίβους...οὗαὶ
1543 1771 1628 1817 ὑμῖν
1669 1770 1749 1807 τοῖς

150 1819 411 1857 ἀπολωλεκόσι
430 1822 498 1869 τὴν
516 1823 716 1871 ὑπομονήν.
774 1824 815 1859 It
845 1825 878 1859 is
912 1824 981 1859 'the
1011 1825 1188 1873 opposite
1215 1828 1256 1860 to
1277 1825 1397 1860 Dent.
1421 1825 1472 1860 iV.
1497 1824 1544 1860 29
1567 1823 1746 1872 ζητήσετε

148 1873 223 1908 ἐκεῖ
251 1873 392 1921 Κύριον
423 1875 487 1912 τὸν
516 1877 609 1913 Θεὸν
649 1878 748 1925 ὑμῶν
788 1878 848 1914 καὶ
888 1879 1062 1926 εὑρήσετε
1101 1878 1213 1915 αὐτὸν
1255 1878 1343 1915 ὅταν
1380 1878 1599 1925 ἐκζητήσετε
1637 1876 1749 1913 αὐτὸν

150 1925 191 1969 ἐξ
220 1925 310 1974 ὅλης
339 1929 403 1974 τῆς
435 1929 584 1978 καρδίας
617 1947 688 1968 σου
721 1931 778 1968 καὶ
813 1932 853 1976 ἐξ
883 1932 973 1979 ὅλης
1009 1934 1074 1979 τῆς
1104 1934 1225 1982 ψυχῆς
1253 1949 1324 1969 σου
1359 1934 1396 1968 ἐν
1428 1933 1472 1980 τῆ
1505 1931 1631 1979 θλίψει
1661 1946 1743 1972 σου,

148 1978 228 2014 and
265 1983 307 2015 to
345 1980 473 2018 Wisd.
513 1983 537 2019 i.
581 1984 598 2019 1
641 1987 679 2021 ἐν
712 1985 895 2032 ἁπλότητι
926 1984 1101 2034 καρδίαςῗ
1140 1986 1326 2034 ζητήσατε
1372 1985 1452 2033 (τὸν
1493 1983 1649 2033 Κύριον)
1689 1983 1745 2020 ὅτι

149 2032 354 2076 Εὖβῖσκεται
386 2037 463 2075 Τοῖς
492 2038 544 2085 μὴ
575 2038 811 2086 πειράζουσιν
844 2039 966 2082 αὐτόν,
1001 2040 1239 2087 ἐμφανίζεται
1271 2039 1309 2076 δὲ
1338 2041 1415 2078 τοῖς
1439 2039 1491 2087 μὴ
1521 2039 1747 2075 ἀπιστοῦσιν

149 2087 254 2136 αὐτῷ.
314 2087 369 2124 St.
394 2088 494 2125 Paul
515 2091 711 2128 describes
732 2105 755 2127 a
776 2092 926 2143 διψυχία
945 2093 987 2129 111
1009 2093 1122 2129 Rom.
1146 2093 1213 2129 vii.
1236 2107 1242 2129 :
1272 2093 1322 2129 cf.
1345 2093 1470 2129 below
1494 2093 1545 2129 iv.
1568 2093 1602 2137 4,
1625 2091 1742 2127 Philo

149 2138 206 2175 M.
233 2140 264 2176 1.
287 2152 321 2188 p.
347 2141 422 2177 230
443 2143 585 2192 πέφυκε
615 2146 686 2195 γὰρ
718 2147 738 2183 ὃ
769 2147 910 2195 ἄφρων,
942 2147 998 2184 ἀεὶ
1027 2147 1112 2194 περὶ
1140 2147 1204 2184 τὸν
1235 2147 1345 2195 ὀρθὸν
1372 2146 1490 2196 λόγον
1520 2146 1741 2194 κινούμενος,

147 2193 280 2242 ἠρεμίᾳ
309 2195 368 2231 καὶ
398 2198 604 2236 ἀναπαύσει
634 2199 816 2248 δυσμενὴς
847 2200 937 2238 εἶναι
968 2200 1028 2238 καὶ
1057 2201 1117 2238 ἐπὶ
1147 2200 1302 2249 μηδενὸς
1331 2201 1484 2237 ἑστάναι
1513 2201 1654 2249 παγίως
1683 2198 1743 2234 καὶ

149 2248 360 2295 ἐρηρεῖσθαι
380 2248 574 2299 δόγματος,
595 2269 652 2290 κ.τ
667 2255 702 2289 λ.
760 2254 928 2303 Though
948 2254 1170 2303 seemingly
1189 2254 1423 2290 introduced
1445 2254 1497 2302 by
1514 2254 1569 2290 St.
1592 2253 1619 2289 J
1622 2264 1740 2295 ames,

147 2300 217 2336 the
240 2301 343 2337 word
364 2315 444 2339 was
464 2305 627 2354 quickly
646 2306 771 2343 taken
792 2321 844 2356 up
867 2309 919 2355 by
939 2309 1184 2356 subsequent
1203 2308 1384 2344 writers:
1415 2308 1448 2343 it
1465 2320 1600 2343 occurs
1619 2307 1742 2342 about

148 2353 258 2402 forty
279 2355 394 2391 times
414 2356 456 2392 in
477 2358 661 2402 Hermas,
683 2373 754 2408 eg.
777 2362 915 2398 sslaml.
939 2362 991 2398 ix.
1015 2362 1050 2398 4.
1074 2362 1096 2398 5
1130 2361 1212 2398 foll.
1245 2363 1348 2399 αἰτοῦ
1376 2362 1477 2410 παρὰ
1505 2363 1571 2398 τοῦ
1602 2360 1744 2409 Κυρίου

149 2407 209 2444 καὶ
229 2409 407 2459 ἀπολήψῃ
428 2411 666 2450 πάντα...ἐὰν
686 2413 724 2451 δὲ
744 2414 927 2465 διστάσῃς
947 2418 985 2452 ἐν
1002 2417 1050 2466 τῇ
1076 2415 1205 2464 καρδίᾳ
1236 2432 1318 2460 σου,
1351 2414 1454 2452 οὐδὲν
1483 2417 1525 2452 οὐ
1554 2415 1607 2463 μὴ
1637 2413 1742 2463 λήψῃ

147 2463 219 2497 τῶν
251 2463 461 2510 αἰτημάτων
491 2482 573 2502 σου·
604 2468 637 2503 οἶ
667 2468 738 2517 γὰρ
769 2467 1013 2516 διστάζοντες,
1047 2468 1153 2506 οὗτοί
1180 2471 1274 2506 εἰσιν
1303 2470 1336 2506 οἶ
1367 2468 1643 2519 δίψῑνχοι...πᾶς
1671 2468 1743 2516 γὰρ

149 2513 302 2574 ,δίψυχος
321 2517 411 2565 ἀνὴρ
433 2519 495 2555 ἐὰν
512 2520 565 2567 μὴ
583 2521 796 2571 μετανοήσῃ
828 2522 1019 2562 δυσκόλως
1047 2523 1282 2571 σωθήσεταιῑ
1325 2523 1393 2559 the
1423 2524 1549 2559 whole
1577 2523 1744 2570 chapter

149 2580 183 2604 1s
202 2581 226 2603 a
245 2574 443 2607 comment
464 2584 513 2607 on
535 2585 607 2609 our
639 2579 738 2619 text,
771 2577 850 2612 and
881 2577 957 2612 full
989 2576 1029 2612 of
1059 2577 1362 2613 reminiscenees
1393 2576 1434 2612 of
1463 2577 1545 2612 this
1577 2574 1745 2625 epistle;

146 2622 242 2657 thus
262 2623 285 2670 ἡ
305 2623 430 2664 πίστις
450 2626 587 2663 ἄνωθέν
607 2628 688 2664 ἐστι
706 2630 806 2676 παρὰ
825 2632 891 2666 τοῦ
911 2631 1052 2679 Κυρίου
1072 2631 1131 2667 καὶ
1162 2630 1235 2680 ἔχει
1264 2630 1416 2678 δύναμιν
1443 2631 1623 2680 μεγάλην·
1654 2629 1677 2677 ἡ
1706 2627 1744 2665 δὲ

149 2674 300 2725 διψυχία
320 2677 481 2727 ἐπίγειον
499 2681 641 2728 πνεῦμά
662 2684 742 2719 ἐστι
762 2685 861 2732 παρὰ
881 2687 947 2721 τοῦ
975 2684 1169 2732 διαβόλου,
1200 2683 1352 2732 δύναμιν
1379 2685 1431 2733 μὴ
1461 2685 1600 2735 ἔχουσα
1629 2683 1663 2720 15
1691 2694 1743 2718 an

192 2758 203 2776 1
228 2759 286 2790 See
311 2760 459 2801 Taylor's
477 2763 591 2803 θαρρεῖ
615 2765 652 2795 in
676 2765 726 2796 {ke
750 2767 842 2806 Lm,
863 2778 895 2809 p.
918 2769 978 2799 336
1004 2767 1075 2799 foll.
1094 2779 1101 2806 ;
1127 2767 1168 2799 he
1192 2768 1359 2799 considers
1376 2768 1451 2800 that
1470 2769 1517 2800 St.
1539 2769 1650 2800 ι11111165
1666 2768 1746 2799 here

149 2804 266 2843 quotes
282 2802 366 2834 from
385 2804 478 2837 Prov.
499 2807 566 2838 xxi.
589 2809 617 2839 S.

193 2843 205 2862 ²
229 2845 297 2876 The
313 2846 430 2887 phrase
448 2859 560 2881 occurs
577 2850 646 2882 also
663 2851 749 2893 Eph.
771 2853 815 2884 vi.
838 2855 866 2892 5,
889 2855 959 2886 Col.
981 2855 1027 2886 iii.
1050 2857 1098 2886 22².
