1974 3298
433 244 506 282 ΟΝ
537 244 650 280 THE
683 243 979 280 GRAMMAR
1009 244 1075 281 OF
1108 244 1175 282 ST.
1208 245 1392 282 JAMES
1627 244 1712 281 ccix

107 350 245 391 under
265 349 522 390 substantive
555 348 667 396 Vcrb,
696 347 721 388 i.
746 350 768 387 5
803 347 842 388 εἴ
870 364 936 391 τις
967 348 1172 389 λείπεται
1204 348 1365 403 σοφίας
1398 347 1712 390 αι’τείτω...καὶ

111 415 344 467 δοθήσεται
367 413 485 468 αὐτῷ
509 413 699 468 (σοφία),
725 413 792 466 (cf.
814 413 888 453 the
906 427 980 454 use
1005 413 1049 454 of
1062 413 1136 454 the
1158 414 1414 469 impersonal
1434 414 1479 455 in
1500 429 1536 456 v.
1564 417 1614 455 15
1632 413 1714 455 κᾶν

111 480 324 534 ἁμαρτίας
364 477 390 534 ᾗ
433 478 684 531 πεποιηκώς
726 478 1000 534 ἀφεθήσεται
1043 479 1193 535 αὐτῷ),
1237 480 1289 520 iv.
1323 483 1375 521 10
1414 479 1714 532 ταπεινώθητε

110 546 295 589 ἐνώπιον
318 547 485 600 Κυρίου
508 544 582 587 καὶ
604 544 805 599 (Κύριος)
830 544 1009 600 ὑψώσει
1033 545 1154 597 ὑμᾶς,
1176 559 1213 586 V.
1237 546 1291 588 17
1326 546 1405 587 οὐκ
1439 546 1617 600 ἔβρεξεν
1639 546 1713 588 ὲπὶ

110 616 185 665 τῆς
207 614 285 666 ’γῆς
314 611 353 666 (ὁ
376 611 515 664 Θεός).

170 680 228 732 Of
251 679 365 732 oly'ect
402 693 448 718 ον
483 678 692 718 (ιιῖυονῦίαί
728 678 883 717 clauso:
916 677 940 718 i.
966 678 1018 718 19
1058 677 1154 718 ἴστε
1189 677 1356 730 (τοῦτο)
1393 677 1589 733 ἀδελφοί,
1611 679 1635 719 1.
1660 679 1711 718 25

110 744 132 787 ὁ
155 744 431 800 παρακύψας
455 743 513 789 εἰς
536 743 666 797 νόμον
688 743 762 786 καὶ
785 743 1058 797 παραμείνας
1084 743 1145 795 (ἐν
1167 743 1315 798 αὐτῷ),
1338 743 1388 784 of.
1412 744 1529 784 John
1550 744 1636 785 viii.
1660 747 1710 785 31

102 810 184 853 ἐὰν
224 811 398 863 μείνητε
439 810 484 851 ἐν
525 811 584 866 τῷ
625 809 744 864 λόΎῳ
788 811 845 865 τᾷ
899 810 986 864 ἐμῷ
1031 808 1207 860 ἀληθῶς
1243 808 1441 861 μαθηταί
1477 826 1560 861 μου
1601 809 1714 859 ἐστέ,

110 880 135 919 2
157 877 271 919 John
295 879 318 918 9
346 875 404 928 μὴ
426 876 565 928 μένων
586 876 632 917 ἐν
654 878 706 930 τῇ
729 875 888 932 διδαχῇ
913 877 990 917 τοῦ
1012 876 1223 928 Χριστοῦ.

169 944 227 997 Of
251 944 497 983 substantive
519 943 608 983 verb
628 957 642 984 .·
672 942 697 983 i.
723 944 776 982 12
797 941 1012 995 μακάριος
1035 940 1143 995 ἀνὴρ
1167 940 1328 996 (ἐστιν)
1352 940 1397 986 ὃς
1435 941 1651 994 ὑπομένει,
1674 942 1713 982 ii.

111 1012 164 1050 14
199 1009 281 1050 and
318 1011 370 1051 16
407 1008 452 1050 τί
487 1008 646 1064 ὄφελος
671 1008 864 1062 (ἐστιν);
898 1008 956 1050 111.
981 1010 1004 1048 ’2
1039 1007 1164 1053 οὗτος
1199 1007 1368 1053 τέλειος
1402 1007 1522 1061 ἀνήρ,
1558 1008 1615 1048 111.
1643 1010 1666 1050 6
1693 1008 1714 1059 ἡ

109 1077 300 1130 Ὑλῶσσα
322 1077 423 1129 πῦρ,
446 1075 504 1117 iii.
527 1077 551 1115 8
574 1074 890 1116 ἀκατάστατον
923 1073 1059 1116 κακὸν
1097 1074 1140 1126 (ἡ
1173 1073 1366 1127 *γλῶσσά
1397 1073 1537 1127 ἐστιν)
1574 1072 1714 1126 μεστὴ

110 1142 189 1191 ἰοῦ,
211 1142 268 1183 111.
294 1143 346 1182 13
369 1141 434 1186 τίς
458 1139 596 1196 σοφὸς
619 1141 665 1181 ἐν
688 1140 820 1193 ὑμῖν,·
843 1140 901 1183 111.
922 1143 974 1182 16
990 1140 1102 1182 ὅπου
1127 1142 1267 1193 ζῆλος,
1285 1139 1374 1181 ἐκεῖ
1388 1139 1717 1188 ἀκαταστασία,

109 1208 161 1249 iv.
187 1211 206 1248 1
234 1206 368 1249 πόθεν
389 1206 532 1264 μάχαι
554 1224 567 1254 ‚-

170 1275 228 1327 Of
251 1275 339 1315 verb
371 1274 593 1326 yorcrrmny
635 1274 872 1327 infinitivo:
916 1273 975 1314 iii.
1014 1275 1067 1314 12
1103 1272 1161 1326 μὴ
1197 1272 1379 1315 δύναται
1413 1276 1527 1325 συκῆ
1565 1273 1717 1318 ἐλαίας

111 1343 297 1393 ποιῆσαι
317 1358 329 1388 ;
364 1339 462 1381 οὔτε
484 1338 650 1382 ἁλυκὸν
672 1339 814 1394 «γλυκὺ
840 1339 1054 1393 (δύναται)
1081 1342 1269 1392 ποιῆσαι
1292 1340 1356 1394 [or
1377 1340 1412 1381 is
1434 1339 1612 1392 ποιήσει
1644 1339 1718 1381 the

107 1406 222 1462 right
243 1407 417 1461 reading
438 1406 538 1448 here
555 1407 588 1460 ἲ]

781 1498 1042 1540 PLEONASM.

171 1607 228 1660 Of
253 1605 279 1646 ἀ
296 1624 317 1648 ν
332 1605 357 1658 ή
371 1622 408 1660 ρ,
431 1605 534 1645 with
558 1604 754 1662 δίψυχος
776 1605 801 1646 i.
827 1608 851 1646 8
875 1606 939 1658 (as
961 1606 1006 1645 in
1029 1605 1176 1646 Herm.
1191 1604 1340 1646 Mand.
1355 1606 1409 1646 ix.
1432 1607 1488 1655 G),
1504 1604 1718 1659 μακάριος

109 1674 133 1714 i.
169 1675 234 1722 12,
262 1675 548 1714 κατανοοῦντι
579 1671 604 1712 1.
639 1673 704 1720 23,
736 1671 1119 1729 χρυσοδακτύλιος
1151 1672 1192 1713 ii.
1217 1674 1254 1722 2,
1289 1672 1336 1713 cf.
1372 1672 1495 1713 Luke
1528 1672 1718 1714 XXiV.19

113 1739 324 1793 (Ἰησοῦς)
346 1739 516 1791 ἐγένετο
539 1736 647 1792 ἀνὴρ
670 1737 910 1791 προφήτης.

171 1806 229 1858 Of
254 1804 281 1846 ἅ
297 1823 318 1846 ν
333 1804 396 1857 θρ
411 1821 442 1844 ω
461 1821 531 1846 πο
547 1821 578 1853 ς,
610 1803 714 1844 With
736 1803 896 1849 ἐκεῖνος
919 1804 944 1846 1.
969 1806 1006 1853 ’7,
1028 1804 1131 1845 With
1154 1807 1240 1850 πᾶς
1267 1805 1290 1845 i.
1316 1807 1381 1846 19.

173 1872 230 1925 Of
255 1872 317 1911 the
338 1871 483 1923 subject
504 1870 552 1923 of
567 1870 629 1910 tlzo
651 1870 886 1923 infinitivo:
920 1870 976 1912 iii.
1002 1872 1026 1911 3
1059 1872 1145 1913 τῶν
1185 1869 1335 1912 ἵππων
1371 1870 1471 1916 τοὺς
1507 1870 1719 1928 χαλινοὺς

113 1938 171 1984 εἰς
223 1937 278 1979 τὰ
329 1936 533 1989 στόματα
573 1935 807 1988 βάλλομεν
849 1935 908 1981 εἰς
951 1935 999 1977 τὸ
1052 1936 1290 1978 πείθεσθαι
1342 1954 1369 1977 α
1386 1937 1408 1978 ὐ
1424 1955 1448 1978 τ
1463 1955 1483 1978 ο
1500 1936 1523 1978 ὺ
1539 1955 1558 1982 ς
1608 1937 1720 1987 ἡμῖν,

110 2005 165 2045 iv.
187 2006 212 2044 4
236 2003 314 2045 οὐκ
351 2002 476 2060 ἔχετε
513 2001 584 2044 διὰ,
616 2001 665 2044 τὸ
701 2001 759 2055 μὴ
795 2002 1018 2044 αἰτεῖσθαι
1057 2003 1125 2056 ὑμ
1141 2007 1167 2045 ἃ
1184 2021 1215 2053 ς,
1241 2005 1294 2046 iV.
1318 2005 1457 2046 13-15
1482 2003 1561 2057 ἄγε
1583 2006 1658 2046 νῦν
1681 2004 1719 2044 οἱ

110 2069 473 2124 λέγοντες...ἀντὶ
495 2071 572 2110 τοῦ
593 2068 740 2123 λέτγειν
774 2069 796 2110 ὑ
809 2086 841 2121 μ
856 2071 882 2110 ἃ
899 2087 927 2114 ς.

172 2137 230 2190 Of
254 2137 317 2177 tlze
331 2136 541 2190 possessive
555 2150 750 2189 promum
772 2150 817 2176 ογ
838 2137 892 2176 its
913 2137 1185 2189 equivalents:
1219 2136 1272 2178 iv.
1297 2139 1318 2177 1
1359 2137 1407 2178 ἐκ
1443 2138 1529 2180 τῶν
1557 2136 1721 2189 ἡδονῶν

114 2203 137 2244 ὑ
151 2221 182 2256 μ
197 2204 228 2244 ῶ
244 2221 266 2244 ν
297 2203 383 2244 τῶν
420 2201 776 2256 στρατευομένων
798 2202 842 2244 ἐν
861 2205 952 2248 τοῖς
973 2201 1152 2253 μέλεσιν
1176 2203 1306 2255 ὑμῶν,
1328 2217 1396 2244 see
1418 2203 1562 2253 above,
1584 2203 1722 2244 under

110 2270 281 2310 Articlc.

172 2336 232 2389 Of
256 2336 318 2376 the
340 2336 651 2375 demonstrative
667 2349 873 2389 promum,
895 2335 1031 2377 added
1068 2336 1363 2392 immediately
1384 2336 1525 2379 before
1547 2351 1592 2378 or
1613 2337 1723 2378 after

112 2401 187 2442 the
208 2400 321 2450 verb,
342 2401 387 2441 in
418 2401 657 2455 apposition
687 2401 792 2441 with
823 2416 848 2442 a
878 2407 1040 2443 remote
1068 2417 1195 2452 noun,
1217 2403 1280 2443 for
1301 2403 1376 2444 the
1398 2404 1499 2445 sake
1521 2403 1567 2444 of
1592 2403 1723 2445 olear-

113 2482 209 2509 ness
230 2482 274 2508 or
296 2467 533 2522 emphasis:
566 2467 591 2509 i.
615 2469 669 2509 23
707 2468 747 2509 εἴ
782 2485 847 2513 τις
879 2467 1098 2522 ἀκροατής
1135 2469 1445 2516 ἐστιν...οῦτος
1482 2469 1646 2512 ἔοικενῑ
1677 2484 1723 2510 or

114 2533 384 2588 introducing
422 2548 477 2574 an
514 2533 793 2588 explanatory
828 2534 981 2589 phrase
1015 2549 1060 2575 or
1092 2550 1207 2576 noun
1241 2536 1285 2577 in
1322 2537 1589 2592 apposition:
1618 2536 1644 2578 i.
1669 2534 1722 2577 27

116 2599 329 2654 θρησκεία
350 2599 524 2654 καθαρά
546 2600 670 2642 ἐστιν
693 2599 805 2652 αὕτη
829 2600 1188 2643 ἐπισκέπτεσθαι
1211 2601 1438 2658 ὀρφανούς.

179 2665 237 2719 Of
260 2665 389 2711 αὐτός
425 2667 473 2706 in
508 2667 620 2707 other
651 2680 755 2707 cases
787 2667 914 2707 beside
937 2668 1000 2707 thre
1020 2669 1221 2720 yenitive:
1253 2669 1309 2710 iii.
1335 2668 1388 2712 17
1411 2668 1543 2711 εἰδότι
1566 2668 1639 2710 καὶ
1660 2666 1719 2721 μὴ

117 2733 316 2773 ποιοῦντι
338 2731 531 2786 ἁμαρτία
552 2732 670 2789 αὐτῷ
691 2732 823 2775 ἐστίν.

177 2797 236 2850 Of
274 2795 407 2853 φύσις
450 2799 552 2839 with
590 2813 676 2852 9672.
698 2814 709 2840 .·
761 2799 820 2840 iii.
858 2799 885 2843 7
927 2802 1056 2842 πᾶσα
1100 2798 1233 2852 φύσις
1266 2800 1427 2856 θηρίων
1468 2800 1721 2854 δαμάζεται,

110 2878 309 2905 common
328 2863 373 2904 in
393 2864 468 2905 the
490 2864 607 2906 Stoio
630 2865 829 2921 writings,
856 2880 924 2907 see
946 2872 1047 2908 note
1068 2868 1116 2908 in
1138 2868 1226 2910 loco.

175 2930 233 2984 Of
257 2929 413 2984 καρδία
433 2931 533 2972 with
552 2946 664 2985 qen:
696 2931 721 2973 i.
745 2933 798 2974 26
821 2931 1006 2974 ἀπατῶν
1029 2932 1211 2988 καρδίαν
1233 2934 1400 2977 ἑαυτοῦ.
