1974 3298
496 213 570 251 ΟΝ
598 214 711 250 ΤΗΕ
740 213 1033 251 GRAMMAR
1063 215 1129 252 OF
1158 215 1227 252 ST.
1258 216 1441 253 JAMES
1658 215 1771 252 cxcix

236 314 297 367 (d)
328 314 387 356 iii.
411 318 462 356 18
486 317 653 370 καρπὸς
675 316 907 369 σπείρεται
929 320 1019 362 τοῖς
1046 321 1250 361 ποιοῦσιν
1272 319 1454 373 εἰρήνην,
1477 334 1545 361 sec·
1568 324 1702 361 notes.

237 379 291 432 (o)
322 379 380 422 iii.
406 381 430 424 7
453 384 581 423 πᾶσα
602 382 736 438 φύσις
758 382 996 435 δαμάζεται
1019 385 1071 437 τῇ
1095 384 1239 439 φύσει.

236 487 550 531 Instrmneutal.

238 578 264 620 i.
302 581 354 620 18
389 580 641 634 ἀπεκύησεν
673 581 805 637 λόγῳ,
838 581 880 623 11.
916 583 968 623 25
1005 581 1130 640 ἑτέρα
1167 580 1250 638 ὁδῷ
1282 583 1556 634 ἐκβαλοῦσα,
1579 584 1645 638 (cf.
1669 583 1778 624 Xen.

181 645 290 686 Holl.
312 646 366 687 iv.
389 649 424 688 5.
451 650 503 689 13
527 647 792 702 πορεύεσθαι
815 649 867 701 τῇ
891 647 987 703 ὁδῷ,
1020 648 1151 690 Thuc.
1183 649 1225 690 ii.
1261 650 1332 702 98)
1356 664 1392 691 V.
1424 652 1476 690 14
1506 649 1777 705 ἀλείψαντες

183 710 331 762 ἐλαίῳ,
353 726 389 754 v.
414 715 468 756 17
491 716 721 771 προσευχῇ
744 713 1030 768 προσηύξατο
1052 714 1157 755 with
1179 714 1392 756 intensive
1414 715 1537 765 force,
1559 730 1627 757 see
1653 721 1762 756 note.

817 835 1160 878 PREPOSITIONS.

249 890 360 933 With
380 894 615 934 accusative.

243 974 327 1017 διά.
359 977 589 1028 ω’]ᾱτοδείηθ
609 976 672 1017 Hae
693 978 868 1029 ground,
892 977 946 1018 iv.
971 978 995 1017 2
1022 977 1102 1018 οὐκ
1128 976 1254 1034 ἔχετε
1276 975 1347 1018 διὰ
1370 975 1419 1019 τὸ
1440 976 1499 1030 μὴ
1522 976 1757 1019 αἰτεῖσθαι.

244 1041 315 1086 εἰς.
346 1042 531 1095 ofplccoe,
552 1042 577 1083 i.
601 1044 653 1083 25
678 1042 956 1099 παρακύψας
978 1043 1038 1089 εἰς
1060 1042 1204 1096 νόμον,
1226 1043 1269 1085 11.
1293 1046 1317 1085 6
1341 1043 1400 1089 εἰς
1424 1043 1626 1098 κριτήρια
1644 1043 1789 1084 ἕλκειν

183 1108 237 1149 iv,
261 1109 315 1149 13
350 1107 658 1162 πορευσόμεθα
691 1108 751 1154 εἰς
778 1108 858 1161 τὴν
886 1108 1044 1151 πόλινε
1074 1111 1124 1162 of
1146 1111 1359 1163 reference,
1389 1110 1413 1152 i.
1447 1112 1500 1151 19
1531 1109 1699 1164 βραδὺς
1732 1109 1791 1153 εἰς

185 1172 329 1228 ὀργήν,
351 1173 490 1231 ταχὺς
513 1173 572 1219 εἰς
595 1173 644 1215 τὸ
667 1174 882 1217 ἀκοῦσαι;
915 1176 964 1229 of
987 1176 1116 1216 result
1146 1176 1233 1216 (md
1255 1190 1447 1229 purpose,
1470 1176 1522 1218 iv.
1547 1178 1571 1217 9
1603 1174 1623 1216 ὁ
1649 1175 1791 1229 γέλως

189 1239 248 1285 εἰς
271 1239 429 1286 πένθος
460 1241 831 1297 μεταστραφήτω,
854 1242 880 1283 1.
904 1244 958 1283 18
981 1241 1235 1294 ἀπεκύησεν
1257 1243 1370 1294 ἡμᾶς
1393 1243 1451 1288 εἰς
1475 1241 1524 1284 τὸ
1547 1241 1657 1284 εἶναι
1682 1241 1795 1294 ἡμᾶς

189 1305 413 1363 ἀπαρχήν,
451 1307 507 1348 111.
537 1309 562 1349 3
599 1307 832 1360 βάλλομεν
867 1308 926 1354 εἰς
964 1307 1013 1350 τὸ
1050 1308 1286 1351 πείθεσθαι
1319 1309 1434 1361 ἡμῖν,
1462 1324 1499 1351 V.
1533 1311 1558 1351 3
1589 1307 1609 1350 ὁ
1643 1307 1705 1354 ἰὸς
1738 1307 1796 1353 εἰς

188 1372 426 1427 μαρτύριον
447 1372 586 1423 ἔσται,
607 1374 656 1415 cf.
679 1374 804 1415 Mark
836 1375 918 1417 xiv.
943 1378 994 1416 55
1019 1374 1198 1428 ἐζήτουν
1225 1375 1469 1430 μαρτυρίαν
1500 1375 1560 1421 εἰς
1588 1374 1638 1417 τὸ
1668 1375 1798 1417 θανα-

191 1440 345 1488 τῶσαι,
360 1439 466 1481 Acts
483 1440 552 1481 vii.
573 1443 625 1483 19
649 1444 791 1483 ποιεῖν
813 1440 869 1483 τὰ
889 1441 1036 1497 βρέφη
1061 1441 1217 1484 ἔκθετα
1240 1441 1299 1487 εἰς
1322 1440 1371 1483 τὸ
1391 1441 1450 1495 μὴ
1477 1441 1800 1496 ζωογονεῖσθαι,

190 1505 321 1547 found
350 1506 575 1562 especially
597 1507 642 1547 in
674 1507 734 1549 St.
762 1507 905 1549 Paul's
935 1508 1133 1563 Epistles‚
1155 1508 1233 1550 but
1265 1508 1365 1559 also,
1386 1509 1552 1564 though
1582 1509 1731 1564 rarely,
1755 1509 1800 1549 in

192 1572 381 1613 classical
410 1574 595 1623 authors,
617 1588 685 1627 ey.
707 1574 816 1616 Xen.
837 1575 958 1617 Mem.
984 1575 1040 1616 iii.
1073 1577 1108 1617 6.
1138 1577 1162 1616 2
1195 1575 1254 1621 εἰς
1289 1574 1338 1617 τὸ
1370 1575 1583 1628 ἐθελῆσαι
1615 1574 1802 1624 ἀκούειν,

193 1638 277 1679 and
310 1639 525 1681 Kfihner’s
556 1655 595 1682 n.
619 1655 672 1681 on
694 1641 831 1683 Anah.
852 1641 939 1683 viii.
962 1644 999 1684 8.
1023 1644 1089 1684 20.
1152 1642 1243 1683 The
1265 1656 1340 1683 use
1362 1641 1408 1682 in
1438 1642 1482 1684 11.
1507 1644 1560 1684 23
1587 1641 1803 1696 ἐλογίσθη

196 1705 256 1750 εἰς
278 1704 563 1758 δικαιοσύνην
585 1706 620 1748 15
642 1707 904 1750 unclassical.

253 1771 339 1813 ἐπί.
373 1773 422 1825 of
436 1774 565 1826 place,
587 1773 630 1815 11.
653 1775 705 1815 21
729 1773 964 1828 ἀνενέγκας
985 1774 1144 1817 Ἰσαὰκ
1175 1775 1250 1817 ἐπὶ
1282 1774 1331 1817 τὸ
1360 1775 1690 1830 θυσιαστήριον,
1712 1775 1754 1817 11.
1779 1777 1805 1816 3

196 1838 463 1889 ἐπιβλέπειν
494 1839 569 1882 ἐπὶ
601 1839 676 1882 τὸν
708 1843 942 1896 φοροῦντα,
964 1857 1002 1883 V.
1026 1844 1079 1882 14
1112 1842 1526 1896 προσευξάσθωσαν
1558 1842 1626 1885 ἐπ’
1658 1841 1809 1889 αὐτόν,

196 1905 255 1947 111.
280 1906 304 1948 7
328 1904 377 1947 τὸ
398 1905 534 1958 ὄνομα
555 1904 605 1948 τὸ
627 1906 866 1959 ἐπικληθὲν
887 1907 954 1964 ἐφ’
978 1907 1100 1961 ὑμᾶς.

258 1971 383 2014 κατά.
416 1973 663 2028 ‘according
693 1974 760 2023 t0,'
782 1974 840 2015 111.
869 1976 893 2016 9
926 1974 1022 2016 καθ’
1055 1972 1267 2027 ὁμοίωσιν
1298 1975 1413 2017 Οεοῦ
1443 1974 1693 2028 γεγονότας,
1716 1974 1757 2015 11.
1781 1977 1807 2014 S

199 2037 314 2080 κατὰ
335 2037 414 2090 τὴν
434 2038 622 2094 γραφήν,
645 2040 689 2082 11.
708 2039 762 2083 17
785 2040 916 2095 νεκρά
937 2040 1061 2083 ἐστιν
1084 2039 1180 2082 καθ’
1199 2040 1358 2093 ἑαυτήν
1374 2041 1543 2095 (taken
1565 2041 1621 2096 by
1637 2040 1810 2095 itself').

260 2104 383 2160 πρός.
415 2106 464 2158 of
488 2107 596 2155 time,
622 2106 678 2148 iv.
713 2109 766 2147 14
798 2106 908 2162 πρὸς
940 2106 1092 2161 ὀλίγον
1123 2107 1362 2164 φαινομένη
1396 2108 1710 2162 (unclassica1):
1740 2107 1808 2147 ‘in

204 2171 457 2214 accordance
493 2172 621 2223 with?
652 2173 710 2215 iv.
742 2176 765 2214 5
809 2172 917 2228 πρὸς
960 2173 1122 2230 φθόνον
1163 2174 1373 2217 ἐπιποθεῖ
1405 2174 1707 2230 (‘jealously'),
1742 2188 1812 2215 see

206 2238 423 2294 examples
445 2239 491 2280 of
507 2239 725 2281 adverbial
747 2255 822 2282 use
843 2241 888 2281 in
911 2241 1089 2282 Schmid
1110 2241 1360 2282 Atticismus
1380 2241 1423 2283 ii.
1444 2256 1485 2296 p.
1510 2243 1605 2284 242.

266 2304 365 2347 ὑπό.
398 2305 577 2346 ‘below'
603 2306 680 2360 (zze.
703 2311 711 2326 ‘
726 2321 780 2348 on
812 2322 837 2348 a
866 2307 995 2348 lower
1024 2307 1134 2349 level
1164 2308 1270 2348 than
1288 2308 1329 2361 ³),
1352 2307 1395 2349 ii.
1418 2310 1443 2350 3
1467 2306 1552 2350 ὑπὸ
1574 2307 1624 2350 τὸ
1647 2307 1816 2350 ὑποπό-

210 2371 324 2413 διον;
356 2372 535 2414 ‘under’
568 2373 796 2428 (tropical),
818 2389 855 2415 v.
879 2376 932 2415 12
963 2372 1048 2416 ὑπὸ
1070 2374 1218 2428 κρίσιν
1240 2377 1407 2423 πεσεῖν,
1429 2374 1477 2416 cf.
1500 2374 1653 2417 Aesch.
1673 2376 1738 2417 56.
1758 2375 1813 2415 ⁶29

212 2437 266 2480 τὰ
287 2438 477 2492 μέγιστα
500 2438 586 2482 ὑπὸ
608 2438 688 2492 τὴν
710 2442 796 2483 τῶν
818 2439 1115 2495 δικαστηρίων
1136 2439 1316 2499 ἔρχεται
1336 2444 1506 2497 ψῆφον.

281 2551 396 2592 With
415 2552 601 2604 qenitive.

274 2641 384 2686 ἀντί.
416 2642 605 2684 ‘instead
635 2643 699 2693 of‚'
732 2642 787 2684 iv.
819 2645 872 2684 15
915 2641 956 2684 οἱ
990 2641 1195 2696 λέγοντες
1227 2637 1424 2695 Σήμερον
1455 2639 1815 2695 πορευσόμεθα...

219 2709 317 2750 ἀντὶ
338 2711 414 2751 τοῦ
433 2708 580 2763 λέγειν
601 2709 712 2762 ὑμᾶς
733 2707 840 2751 Ἐὰν
861 2714 997 2758 κ.τ.λ.,
1018 2708 1068 2750 cf.
1091 2707 1200 2750 Xen.
1221 2708 1341 2749 Hier.
1359 2722 1396 2749 v.
1416 2708 1437 2747 1
1462 2706 1561 2748 ἀντὶ
1583 2708 1660 2748 τοῦ
1683 2704 1822 2758 ἄγασ-

221 2776 295 2818 θαι
327 2776 585 2831 φοβοῦνται,
615 2776 736 2818 Mem.
759 2776 793 2818 I.
818 2778 854 2818 2.
878 2778 933 2818 64
956 2774 1053 2818 ἀντὶ
1075 2777 1153 2817 τοῦ
1173 2773 1232 2827 μὴ
1263 2773 1451 2827 νομίζειν
1482 2772 1617 2823 θεούς,
1640 2770 1828 2828 φανερὸς

219 2841 273 2894 ἣν
295 2841 556 2897 θεραπεύων.

281 2907 383 2951 ἀπό.
416 2909 481 2963 (α)
504 2910 658 2951 motion
669 2910 801 2963 from,
825 2909 880 2964 (b)
903 2909 1152 2963 separation,
1174 2907 1226 2963 (o)
1249 2908 1389 2960 origin
1409 2907 1495 2947 and
1515 2919 1640 2947 cause.
