1974 3298
504 242 578 279 ΟΝ
607 241 720 277 ΤΗΕ
751 241 922 277 STYLE
951 242 1017 278 OF
1047 242 1115 279 ST.
1148 242 1331 279 JAMEs
1599 254 1724 278 ccxxv

341 346 378 384 l:
410 345 434 385 i.
459 350 483 384 4
506 344 684 393 τέλειον,
707 343 878 392 τέλειοι,
902 343 1149 398 ὁλόκληροι,
1171 345 1433 397 λειπόμενοι.

407 410 464 451 111.
487 413 512 451 4
545 412 685 452 πλοῖα
721 411 1112 461 τηλικαῦτα...ὑπό
1150 411 1317 463 ἀνέμων
1352 414 1558 466 σκληρῶν
1595 412 1722 453 ἐλαυ-

484 475 641 524 νόμενα
661 475 899 528 μετάγεται
922 474 1007 517 ὑπὸ
1030 476 1278 533 ἐλαχίστου
1308 477 1528 528 πηδαλίου
1554 477 1718 519 ὅπου...

482 541 711 592 βούλεται.

313 624 345 647 m
364 623 374 648 .·
406 607 462 649 111.
487 611 509 648 5
532 606 686 661 μικρὸν
705 607 838 660 μέλος
860 607 983 648 ἐστὶν
1004 607 1079 649 καὶ
1098 607 1274 660 μεγάλα
1296 609 1436 665 αὐχεῖ.

319 675 369 715 λ;.·
401 673 426 715 1.
452 675 516 723 26,
541 673 593 716 27
628 672 745 714 δοκεῖ
777 672 967 727 θρησκὸς
1000 672 1120 723 εἶναι,
1153 677 1477 730 χαλιναγωγῶν
1507 678 1724 728 γλῶσσαν

488 738 738 793 ...καρδίαν.
829 739 1044 793 θρησκεία
1118 739 1290 794 καθαρὰ
1370 741 1724 783 ἐπισκέπτεσθαι

482 804 882 862 χήρας...ἀ’σπιλον
904 804 1058 848 ἑαυτὸν
1079 809 1225 860 τηρεῖν
1247 806 1337 848 ἀπὸ
1360 809 1438 847 τοῦ
1460 807 1639 860 κόσμου.

407 871 448 913 11.
472 873 496 912 3
519 871 657 913 κάθου
681 870 761 913 ὧδε
783 873 941 917 καλῶς.

406 937 461 979 iv.
487 940 512 978 8
535 937 809 993 καθαρίσατε
830 938 1260 995 χεῖρας...ἁγνίσατε
1282 938 1473 993 καρδίας.

220 1018 259 1052 ιι,
282 1008 308 1053 ί,
331 1018 376 1044 0:
407 1003 451 1044 ii.
478 1005 531 1044 10
554 1002 677 1048 ὅστις
699 1002 784 1058 γὰρ
806 1003 911 1046 ὅλον
933 1003 1008 1046 τὸν
1040 1003 1170 1057 νόμον
1190 1004 1375 1061 τηρήσῃ,
1399 1005 1570 1059 πταίσῃ
1601 1005 1646 1047 δὲ
1679 1006 1727 1048 ἐν

486 1069 546 1111 ἑνὶ
569 1069 746 1124 γέγονεν
768 1070 947 1112 πάντων
970 1070 1134 1128 ἔνοχος.

175 1197 450 1238 Alliteration
471 1197 506 1238 is
536 1196 611 1238 the
633 1211 748 1238 more
781 1198 957 1239 marked
979 1198 1104 1239 when
1135 1199 1170 1240 it
1201 1200 1348 1241 affects
1378 1200 1453 1241 the
1485 1200 1729 1255 prominent

122 1265 251 1306 words
272 1279 318 1305 as
338 1264 383 1304 in
404 1264 429 1305 i.
454 1266 504 1304 21
530 1262 1149 1318 διὸ...δέξασθε...δυνάμενον.

176 1331 432 1373 Sometimes
453 1345 514 1370 we
537 1330 645 1371 have
666 1330 740 1371 the
763 1345 1008 1372 recurrenoe
1029 1338 1105 1373 not
1126 1334 1173 1374 of
1199 1348 1277 1374 one
1299 1334 1428 1374 letter
1449 1334 1548 1388 only
1578 1334 1658 1374 but
1689 1334 1734 1374 of

118 1413 143 1439 a
170 1397 358 1453 syllable,
379 1412 424 1438 as
452 1396 497 1437 in
519 1411 556 1437 V.
586 1399 611 1437 2
644 1395 664 1438 ὁ
703 1400 897 1443 πλοῦτος
935 1398 1145 1450 σέσηπεν,
1179 1399 1234 1441 τὰ
1271 1399 1425 1452 ἱμάτια
1462 1399 1730 1454 σητόβρωτα,

119 1464 307 1518 γέγονεν,
322 1463 365 1505 ii.
382 1466 408 1504 4
425 1463 474 1504 οὐ
497 1462 626 1517 διεκρ
637 1462 654 1504 ί
669 1462 773 1515 θητε
788 1463 862 1504 καὶ
878 1464 1084 1518 ἐγένεσθε
1100 1483 1126 1506 κ
1138 1483 1163 1520 ρ
1179 1483 1192 1507 ι
1208 1466 1280 1508 ταὶ
1299 1466 1615 1520 διαλογισμῶν,
1634 1467 1659 1510 1.
1679 1469 1732 1508 24

118 1531 228 1572 cited
251 1530 383 1571 above
398 1545 407 1580 3
443 1544 488 1570 or
509 1530 555 1570 of
581 1530 742 1571 several
763 1530 961 1584 syllables
984 1529 1330 1585 (ὁμοιοτέλευτα)
1355 1548 1399 1574 as
1431 1533 1454 1574 i.
1479 1532 1503 1576 7
1535 1533 1729 1586 ἀνεμιζο-

118 1597 230 1652 μένῳ
268 1596 342 1638 καὶ
373 1595 650 1651 ῥιπιζομένῳ,
684 1596 708 1638 1.
744 1600 796 1637 14
834 1597 1116 1650 ἐξελκόμενος
1153 1599 1227 1641 καὶ
1265 1599 1584 1653 δελεαζόμενος,
1612 1600 1653 1641 ii.
1678 1602 1730 1642 16

120 1663 407 1718 θερμαίνεσθε
438 1662 513 1704 καὶ
544 1663 828 1720 χορτάζεσθε,
853 1664 894 1706 11.
929 1667 981 1706 19
1016 1665 1308 1708 πιστεύουσιν
1340 1667 1414 1709 καὶ
1446 1665 1733 1723 φρίσσουσιν,

120 1730 174 1771 iv.
198 1732 222 1771 9
256 1728 636 1783 ταλαιπωρήσατε
669 1729 742 1770 καὶ
776 1730 1029 1782 πενθήσατε
1061 1731 1135 1772 καὶ
1168 1732 1410 1781 κλαύσατε,
1434 1748 1471 1774 v.
1495 1736 1517 1774 5
1549 1733 1735 1789 ἐτρυφή-

121 1813 232 1837 σατε
269 1794 344 1837 καὶ
380 1794 748 1847 ἐσπαταλήσατε,
780 1811 817 1838 V.
852 1798 875 1837 6
909 1797 1243 1848 κατεδικάσατε,
1276 1799 1557 1855 ἐφονεύσατε,
1590 1800 1648 1841 111.
1683 1800 1736 1843 17

121 1861 387 1916 ἀδιάκριτος,
422 1861 728 1915 ἀνυπόκριτος,
750 1877 786 1904 V.
820 1865 845 1903 4
883 1865 970 1904 τῶν
1002 1863 1418 1916 ἀμησάντων...τῶν
1455 1866 1736 1920 θερισάντων,

120 1929 164 1969 11.
201 1931 253 1968 12
287 1928 424 1973 οὕτως
455 1930 637 1969 λαλεῖτε
669 1929 743 1970 καὶ
777 1929 912 1974 οὕτως
951 1933 1130 1972 ποιεῖτε.
1193 1930 1450 1973 Sometimes
1485 1932 1607 1973 there
1641 1933 1676 1973 is
1713 1948 1737 1973 a

120 2009 366 2036 recurrence
400 1995 445 2035 of
472 1994 546 2035 the
578 2009 693 2036 same
725 1996 986 2050 preposition
1017 1996 1061 2036 in
1083 1999 1354 2052 componuds,
1377 2013 1422 2040 as
1444 1998 1533 2040 ἀπὸ
1555 1999 1600 2039 in
1621 1998 1645 2039 i.
1672 2002 1737 2047 15,

121 2062 204 2103 and
227 2061 251 2102 i.
280 2064 333 2102 18
357 2060 899 2119 ἀπεκύησεν...ἀπαρχήν,
924 2063 1047 2117 παρά
1069 2064 1114 2104 in
1136 2064 1161 2106 1.
1186 2067 1237 2105 25
1273 2063 1294 2106 ὁ
1327 2064 1371 2106 δὲ
1404 2064 1734 2122 παρακύψας

121 2127 181 2174 εἰς
223 2127 353 2181 νόμον
389 2127 464 2169 καὶ
505 2146 540 2170 π
554 2145 582 2169 α
594 2145 619 2182 ρ
634 2146 662 2169 α
675 2146 707 2180 μ
721 2146 740 2170 ε
756 2129 773 2170 ί
788 2147 810 2170 ν
824 2146 852 2169 α
867 2147 898 2179 ς,
941 2130 1024 2170 and
1058 2131 1084 2172 i.
1118 2130 1171 2174 17
1210 2131 1312 2186 παρ’
1353 2131 1401 2188 ᾧ.
1413 2165 1420 2173 .
1432 2134 1735 2187 ,παραλλαγή

123 2194 226 2235 This
248 2194 475 2249 similarity
497 2195 544 2235 of
570 2195 705 2235 sound
728 2195 763 2236 is
785 2195 903 2237 often
929 2196 1030 2237 used
1052 2202 1096 2237 to
1119 2197 1241 2238 mark
1262 2212 1287 2238 a
1308 2198 1665 2253 correspondenoe
1689 2214 1735 2240 or

121 2260 217 2315 give
239 2260 364 2315 point
384 2265 429 2301 to
451 2276 506 2301 an
527 2261 767 2311 antithesis,
785 2276 830 2303 as
846 2262 891 2302 in
909 2262 932 2304 i.
954 2265 1018 2312 10,
1037 2265 1088 2303 11
1109 2263 1249 2305 where
1266 2264 1341 2305 the
1359 2264 1514 2306 former
1530 2270 1730 2306 sentence

120 2327 225 2368 ends
258 2327 361 2367 with
395 2326 735 2381 παρελεύσεται,
763 2328 838 2370 the
870 2329 999 2370 latter
1029 2330 1134 2370 with
1165 2330 1511 2385 μαρανθήσεται,
1532 2347 1569 2373 v.
1593 2334 1629 2381 2,
1654 2334 1679 2373 3
1713 2331 1733 2373 ὁ

123 2395 315 2439 πλοῦτος
358 2392 558 2446 ὑμῶν...ὁ
600 2393 767 2452 χρυσὸς
811 2395 940 2448 ὑμῶν.
1003 2396 1134 2438 Often
1171 2397 1258 2439 this
1295 2398 1330 2439 is
1367 2398 1591 2439 combined
1627 2399 1728 2439 with

122 2459 347 2515 balancing
369 2460 413 2501 of
430 2460 593 2502 clauses
611 2460 847 2516 (ἰσόκωλα)
870 2477 916 2504 as
937 2463 982 2503 in
1004 2463 1028 2505 i.
1053 2465 1106 2505 19
1139 2481 1206 2505 τα
1221 2481 1254 2522 χ
1269 2464 1292 2506 ὺ
1308 2483 1327 2510 ς
1360 2465 1408 2506 εἰ
1425 2482 1442 2509 ς
1475 2483 1500 2506 τ
1514 2464 1535 2506 ὸ
1567 2465 1595 2506 ά
1610 2483 1635 2506 κ
1651 2483 1671 2506 ο
1688 2468 1728 2507 ῦ-

123 2543 237 2574 σαι,
278 2526 505 2581 βραδὺς
549 2527 631 2573 εἰς
674 2526 734 2569 τὸ
775 2533 1062 2582 λαλῆσαι,
1102 2530 1156 2571 iV.
1200 2530 1226 2575 7
1269 2531 1616 2585 ὑποτάγητε
1659 2533 1729 2587 τῷ

124 2593 258 2647 Θεῷ,
300 2592 632 2646 ἀντίστητε
669 2594 724 2636 δὲ
762 2597 833 2651 τῷ
870 2595 1157 2653 διαβόλῳ,
1194 2598 1247 2640 iv.
1289 2601 1315 2639 8
1352 2599 1730 2652 καθαρίσατε

124 2661 333 2715 χεῖρας
371 2660 719 2713 ἁμαρτωλοὶ
762 2661 858 2703 καὶ
901 2662 1199 2716 ἁγνίσατε
1237 2664 1486 2719 καρδίας
1528 2665 1730 2722 δίψυχοι,

124 2724 236 2765 1.15
275 2725 299 2776 ἡ
337 2725 630 2779 ἐπιθυμιά
673 2730 1085 2779 συλλαβοῦσα
1123 2731 1320 2772 τίκτει
1356 2731 1666 2785 ἁμαρτίαν,
1702 2731 1728 2782 ἡ

124 2789 180 2832 δὲ
224 2790 485 2845 ἁμαρτία
527 2792 1027 2837 ἀποτελεσθεῖσα
1069 2796 1326 2839 ἀποκυεῖ
1368 2797 1638 2846 θάνατον,
1676 2798 1730 2839 iv.

127 2859 180 2898 13
223 2859 642 2913 πορευσόμεθα
685 2861 767 2906 εἰς
810 2861 936 2914 τήνδε
979 2861 1058 2914 τὴν
1100 2863 1235 2905 πόλιν
1277 2864 1351 2905 καὶ
1394 2865 1730 2916 ποιήσομεν

123 2923 214 2965 ἐκεῖ
235 2923 434 2966 ἐνιαυτὸν
456 2926 530 2966 καὶ
552 2926 1053 2980 ἐμπορευσόμεθα
1086 2929 1159 2971 καὶ
1196 2929 1577 2983 κερδήσομεν.
1639 2932 1730 2972 The

1533 3013 1559 3044 ’ρ
