1974 3298
300 300 397 336 cclvi
875 291 1298 331 1NTRODUOTION

482 405 512 435 5.
562 415 604 435 ως
621 400 655 433 ἐν
671 399 787 444 ἡμέρᾳ.

482 458 511 490 7.
562 455 623 491 ἕως
640 454 680 488 ἂν
695 454 797 497 λάβῃ.

482 512 511 545 7.
560 511 702 554 πρόϊμον
722 513 855 542 tantum
873 519 952 542 cum
970 506 1009 542 B.

482 568 511 599 8.
561 562 844 610 μακροθυμήσατε
864 564 949 606 (sine
966 561 1048 606 οὖν).

482 623 512 655 9.
562 618 713 663 ἀδελφοί
729 633 794 663 μου
812 619 884 652 κατ’
901 616 1072 661 ἀλλήλων.

481 679 512 710 9.
563 674 790 719 κατακριθῆτε.

484 733 515 765 Ο.
565 730 752 775 ὑπόδειγμα
770 728 815 763 δέ.

408 798 441 819 V.
461 788 514 821 lO.
562 786 688 826 λάβετε
705 811 712 819 .
734 810 740 817 .
760 811 766 818 .
787 781 840 817 καὶ
856 784 916 826 τῆς
932 781 1159 827 μακροθυμίας
1175 781 1270 824 ἔχετε
1291 780 1404 823 (lectio
1422 789 1461 813 esc
1478 777 1617 813 duabus
1634 778 1810 823 confusa).

408 852 440 876 V.
463 843 515 875 10.
564 843 612 888 τῷ
630 840 768 885 ὀνόματι
787 839 876 882 (Sine
893 837 953 882 ἐν).

409 907 441 929 V.
462 899 515 931 10.
564 899 627 930 τοῦ
643 895 778 939 Κυρίου.

410 962 442 985 V.
464 953 515 985 ll.
564 950 801 995 ὑπομένοντας.

410 1017 442 1040 V.
464 1008 514 1040 12.
565 1006 712 1051 ἀδελφοί
732 1005 808 1049 (om.
827 1004 917 1049 μου).

411 1072 442 1094 v.
465 1063 516 1095 12.
566 1060 612 1096 εἷς
629 1061 816 1105 ὑπόκρισιν.

410 1127 442 1149 V.
465 1118 517 1149 14.
565 1118 624 1149 τοῦ
643 1115 777 1160 Κυρίου.

412 1181 443 1204 ν.
466 1173 517 1204 15.
567 1170 607 1213 ἦν
620 1182 686 1215 pro
704 1169 733 1213 ἧ.

858 1255 1026 1291 CODEX
1053 1254 1331 1290 BOBIENSIS.

357 1348 401 1382 In
419 1347 479 1381 1110
497 1346 665 1392 Imperial
686 1345 839 1389 Library
856 1344 895 1378 of
917 1345 1059 1379 Vienna
1077 1344 1178 1378 there
1198 1344 1230 1377 is
1252 1355 1273 1378 a
1293 1343 1372 1379 MS.
1393 1343 1552 1388 volume,
1570 1343 1771 1377 numbered
1791 1346 1832 1377 16
1850 1343 1891 1377 111

311 1396 371 1430 the
390 1394 592 1439 Catalogue‚
611 1392 730 1427 which
749 1393 920 1435 contains,
940 1403 1070 1436 among
1086 1403 1106 1425 a
1123 1391 1263 1435 variety
1277 1390 1316 1424 of
1330 1390 1433 1425 other
1450 1391 1622 1432 treatises,
1641 1390 1838 1435 fragments
1856 1389 1896 1424 of

311 1454 330 1476 a
354 1440 699 1487 pre-Hieronymian
724 1439 832 1473 Latin
857 1439 1000 1472 version
1019 1438 1057 1471 of
1079 1438 1140 1471 the
1160 1437 1259 1480 Acts,
1281 1437 1343 1471 the
1367 1437 1509 1483 Epistle
1535 1437 1574 1471 of
1596 1437 1650 1471 St.
1669 1438 1800 1479 dames,
1819 1437 1892 1471 and

312 1489 373 1522 the
390 1488 486 1521 First
503 1487 641 1532 Epistle
659 1486 698 1520 of
721 1486 771 1520 St.
793 1486 896 1519 Peter
920 1485 1066 1519 written
1092 1496 1139 1518 on
1163 1485 1386 1530 palimpsest.
1437 1483 1514 1518 The
1532 1484 1678 1518 volume
1696 1483 1892 1529 originally

311 1534 485 1577 belonged
501 1538 538 1567 to
555 1533 616 1567 the
634 1533 841 1576 Monastery
859 1531 897 1565 of
912 1531 1062 1574 Bobbio,
1082 1531 1241 1565 founded
1258 1531 1307 1575 by
1325 1531 1538 1574 Columban‚
1557 1531 1629 1565 and
1646 1542 1717 1565 was
1735 1530 1892 1576 brought

310 1582 401 1616 from
420 1580 554 1625 Naples
570 1584 607 1614 to
625 1579 768 1613 Vienna
785 1579 824 1612 in
843 1580 944 1613 1717.
993 1578 1070 1612 The
1095 1579 1291 1623 fragments
1315 1589 1407 1612 were
1431 1578 1604 1623 partially
1621 1577 1817 1624 published
1842 1577 1892 1623 by

310 1626 548 1662 Tischendorf
570 1627 610 1660 in
634 1626 695 1660 the
720 1625 967 1669 Aozzeiyeblatt
989 1630 1026 1659 to
1051 1624 1113 1658 the
1145 1625 1287 1660 Wiener
1310 1624 1536 1659 Jalzrbz‘c‘cher
1561 1626 1623 1659 cler
1647 1625 1832 1658 Literatur
1856 1624 1896 1658 of

313 1676 411 1716 1847,
429 1674 500 1708 and
524 1684 621 1707 more
648 1673 863 1718 completely
883 1672 932 1717 by
954 1671 989 1707 J.
1013 1671 1206 1714 Belsheim,
1227 1671 1458 1714 Christiania,
1481 1672 1600 1706 1886.ι
1647 1671 1724 1705 The
1750 1675 1828 1706 text
1853 1670 1893 1705 of

310 1722 371 1755 the
396 1721 562 1766 EpistleS‚
579 1724 644 1754 not
661 1720 700 1753 of
722 1719 783 1753 the
808 1719 906 1761 Acts,
932 1718 1149 1764 approaches
1175 1730 1264 1763 very
1288 1718 1414 1763 nearly
1439 1722 1476 1752 to
1502 1718 1563 1753 the
1580 1718 1748 1764 Vulgate.
1797 1718 1834 1752 It
1859 1718 1889 1752 is

309 1768 463 1802 difficult
478 1771 515 1801 to
532 1766 625 1809 read,
643 1766 714 1800 and
738 1767 778 1800 in
803 1777 899 1800 some
923 1777 1084 1811 passages
1112 1765 1209 1809 (here
1234 1765 1380 1811 printed
1405 1765 1444 1798 in
1469 1765 1599 1809 italics)
1626 1765 1732 1799 could
1757 1769 1822 1799 not
1845 1765 1888 1799 be

309 1814 532 1849 determined
549 1813 637 1847 with
656 1813 841 1857 certainty.
893 1812 911 1846 I
930 1812 1020 1847 have
1038 1812 1228 1858 preserved
1249 1812 1311 1846 the
1332 1812 1481 1858 capitals
1501 1812 1572 1846 and
1594 1812 1835 1858 punctuation
1852 1811 1892 1846 of

308 1861 369 1896 the
387 1862 438 1895 ori
464 1860 551 1895 inal.

358 1907 387 1943 Ι.
417 1873 464 1951 (lg)
490 1907 645 1941 Jacobus
669 1906 707 1940 di
731 1909 767 1940 et
790 1906 854 1940 dni
878 1905 943 1940 ihu
969 1915 1034 1939 XPI
1059 1917 1181 1940 servus
1206 1906 1397 1940 duodecim
1419 1909 1588 1942 tr...sunt
1610 1906 1650 1939 in
1667 1905 1888 1951 dispersione

312 1954 473 1989 salutem.
526 1954 575 1997 (2)
601 1964 706 1987 omne
732 1953 905 1998 gaudium
930 1953 1133 1987 existimate
1162 1952 1289 1987 fratres
1318 1953 1401 1986 mei.
1432 1964 1514 1986 cum
1544 1953 1584 1986 in
1612 1952 1888 1987 temtationibus

311 2001 419 2035 variis
434 2000 643 2035 incideritis.
691 2000 738 2044 (3)
763 2000 912 2033 scientes
929 1999 1027 2044 quod
1042 1999 1206 2044 probatio
1224 1999 1308 2033 fidei
1326 2003 1461 2033 vestrae
1477 1999 1691 2044 patientiam
1709 2003 1888 2045 operatur.

315 2048 367 2091 (4)
393 2047 568 2092 patientia
584 2051 704 2080 autem
722 2058 811 2091 opus
827 2045 1027 2091 perfectum
1046 2045 1176 2080 habeat
1200 2050 1243 2080 ut
1262 2046 1340 2079 sitis
1357 2046 1507 2091 perfecti
1525 2050 1561 2080 et
1577 2046 1711 2091 integri
1728 2047 1768 2080 in
1784 2045 1889 2080 nullo

313 2093 526 2128 deficientes
578 2094 625 2137 (5)
653 2093 691 2126 Si
708 2093 789 2137 quis
806 2093 903 2126 enim
920 2097 1082 2126 vestrum
1098 2093 1239 2138 indiget
1261 2093 1437 2138 sapientia
1453 2096 1553 2138 petat
1569 2092 1629 2126 hic
1645 2105 1666 2127 a
1682 2093 1728 2127 do
1745 2093 1810 2138 qui
1828 2092 1890 2126 dat

314 2139 480 2174 omnibus
497 2139 683 2173 affluenter
706 2143 742 2173 et
766 2150 839 2173 non
863 2140 1083 2184 improperat
1108 2144 1144 2173 et
1168 2139 1315 2173 dabitur
1331 2140 1374 2173 ei.
1427 2140 1475 2184 (6)
1502 2139 1661 2185 postulet
1678 2143 1800 2173 autem
1817 2139 1889 2174 fide

311 2187 406 2220 nihil
422 2185 592 2220 dubitans
609 2186 780 2231 quoniam
797 2186 862 2231 qui
879 2186 1018 2220 dubitat
1035 2187 1164 2220 similis
1183 2191 1232 2220 est
1247 2187 1377 2229 fluctui
1400 2187 1509 2220 maris
1529 2187 1590 2230 qui
1610 2199 1634 2220 a
1654 2191 1751 2220 vento
1766 2187 1890 2230 fertur

313 2245 355 2267 ac
372 2234 528 2276 defertur
553 2233 600 2277 (7)
619 2244 659 2266 oze
676 2237 786 2276 speret
810 2233 908 2266 homo
934 2233 996 2267 ille
1020 2233 1108 2277 quid
1132 2234 1263 2277 accipit
1285 2245 1309 2266 a
1334 2233 1387 2268 (ἰό.
1441 2233 1489 2276 (8)
1518 2233 1617 2266 homo
1634 2233 1771 2277 duplici
1788 2233 1890 2268 eorde

313 2282 510 2314 inconstans
522 2281 561 2312 in
574 2279 731 2313 omnibus
743 2279 811 2313 viis
824 2281 905 2314 suis.
955 2279 1004 2323 (9)
1030 2279 1206 2325 glorietur
1218 2283 1339 2313 autem
1353 2279 1464 2313 frater
1476 2279 1629 2313 humilis
1641 2279 1680 2313 in
1694 2279 1890 2314 altitudine

314 2337 377 2360 sua
404 2327 475 2370 (10)
502 2330 537 2359 et
560 2325 660 2360 dives
674 2330 794 2359 autem
818 2326 858 2359 in
882 2325 1091 2360 humilitate
1116 2338 1180 2360 sua
1204 2326 1377 2371 quoniam
1400 2326 1493 2360 sicut
1514 2325 1580 2360 flos
1600 2326 1696 2360 faeni
1719 2326 1891 2361 transibit

315 2373 388 2416 (11)
407 2376 551 2406 exortus
569 2376 620 2406 est
637 2373 734 2406 enim
752 2372 804 2405 sol
821 2383 903 2406 011111
920 2372 1044 2406 ardore
1061 2373 1188 2406 arescit
1203 2373 1351 2406 faenum
1368 2376 1404 2406 et
1421 2372 1487 2406 flos
1499 2372 1577 2417 ejus
1590 2373 1723 2407 decidit
1737 2377 1772 2407 et
1785 2373 1891 2407 decor

313 2419 438 2452 vultus
454 2419 530 2463 ejus
546 2418 713 2464 deperdit
736 2419 787 2452 ita
810 2424 844 2452 et
870 2419 970 2452 dives
990 2419 1029 2452 in
1049 2419 1242 2453 itineribus
1265 2419 1339 2453 suis
1362 2420 1537 2454 mareseit.
1590 2420 1665 2464 (12)
1690 2419 1815 2454 beatus
1833 2421 1891 2455 vir

313 2466 376 2510 qui
390 2466 514 2499 suffert
529 2466 801 2510 temptationem
819 2466 905 2510 quia
921 2477 1002 2499 cum
1016 2466 1187 2510 probatus
1204 2466 1315 2499 fuerit
1328 2466 1478 2511 accipiet
1492 2477 1657 2500 coronam
1671 2467 1767 2500 vitae
1780 2478 1890 2512 quam

313 2512 518 2557 repromisit
549 2511 590 2545 ds
623 2511 859 2557 diligentibus
892 2523 927 2546 se
960 2513 1034 2556 (13)
1069 2524 1175 2546 nemo
1209 2523 1291 2546 cum
1323 2516 1524 2558 temptatur
1555 2513 1651 2547 dicat
1679 2513 1766 2558 quia
1794 2526 1815 2548 a
1842 2514 1888 2548 do

313 2562 520 2603 temptatur.
574 2557 615 2593 ds
648 2559 745 2592 enim
777 2569 851 2592 non
883 2562 1078 2603 temptator
1110 2559 1290 2592 malorum
1324 2563 1385 2593 est.
1440 2560 1516 2604 ipse
1550 2564 1673 2594 autem
1704 2560 1889 2594 neminem

312 2608 474 2650 temptat.
527 2605 599 2649 (14)
624 2605 872 2650 unusquisque
904 2616 988 2638 vero
1021 2608 1222 2650 temptatur
1253 2617 1273 2639 a
1306 2606 1594 2651 concupiscentia
1626 2607 1823 2641 abstractus
1857 2612 1891 2641 et

314 2653 459 2686 illectus.
511 2652 582 2695 (15)
609 2651 731 2685 deinde
755 2652 1031 2695 concupiscentia
1056 2664 1133 2685 eum
1157 2654 1351 2697 conceperit
1367 2655 1472 2696 parit
1487 2658 1673 2697 peceatum
1702 2666 1782 2688 vero
1811 2666 1890 2688 cum

312 2703 586 2732 consummatum
607 2702 658 2731 est
679 2703 821 2740 ,qenerat
843 2703 996 2732 mortem.
1048 2699 1120 2742 (16)
1146 2699 1252 2732 nolite
1277 2710 1396 2733 errare
1410 2699 1552 2743 fratres
1576 2702 1642 2734 mei
1666 2701 1891 2735 dilectissime

313 2745 387 2788 (17)
414 2756 510 2778 omne
526 2745 655 2778 (Ionum
674 2745 797 2778 bonum
810 2750 841 2778 et
855 2756 950 2779 omne
962 2745 1091 2778 donum
1100 2745 1298 2789 perfeetum
1312 2745 1528 2780 descendens
1546 2747 1735 2782 desursum
1753 2759 1773 2782 a
1789 2752 1890 2793 patre

312 2791 495 2825 luminum
522 2790 619 2836 apud
641 2802 749 2836 quem
771 2803 845 2825 non
868 2795 920 2825 est
943 2792 1197 2826 transmutatio
1204 2820 1287 2827 ......
1296 2793 1367 2836 (18)
1394 2792 1600 2828 voluntarie
1621 2795 1808 2839 generavit
1824 2806 1889 2828 nos

312 2838 421 2872 verbo
438 2838 599 2872 veritatis
617 2842 658 2871 ut
674 2838 786 2872 simus
802 2838 951 2871 initium
969 2838 1109 2883 aliquid
1127 2843 1307 2873 creaturae
1328 2840 1414 2884 ejus.
1470 2841 1542 2885 (19)
1570 2841 1655 2875 scite
1673 2841 1800 2875 fratres
1818 2841 1890 2875 mei

551 2963 562 2983 1
586 2963 653 2996 The
669 2964 771 2996 above
787 2964 983 3006 particulars
999 2975 1052 2997 are
1067 2965 1166 2997 taken
1185 2965 1268 2997 from
1286 2966 1480 2999 Belsheim's
1497 2968 1641 3001 volume.
