<?xml version="1.0" encoding="UTF-8"?>
<!DOCTYPE html PUBLIC "-//W3C//DTD XHTML 1.0 Transitional//EN"
    "http://www.w3.org/TR/xhtml1/DTD/xhtml1-transitional.dtd">
<html xmlns="http://www.w3.org/1999/xhtml" xml:lang="en" lang="en">
 <head>
  <title>
</title>
<meta http-equiv="Content-Type" content="text/html;charset=utf-8" />
  <meta name='ocr-system' content='tesseract 3.04.00' />
  <meta name='ocr-capabilities' content='ocr_page ocr_carea ocr_par ocr_line ocrx_word'/>
</head>
<body>
  <div class='ocr_page' id='page_1' title='image "./epistleofstjames1897mayo_0515.png"; bbox 0 0 1974 3298; ppageno 0'>
   <div class='ocr_carea' id='block_1_1' title="bbox 522 198 1692 243">
    <p class='ocr_par' dir='ltr' id='par_1_1' title="bbox 522 198 1692 243">
     <span class='ocr_line' id='line_1_1' title="bbox 522 198 1692 243; baseline -0.007 0"><span class='ocrx_word' id='word_1_1' title='bbox 522 206 708 243; x_wconf 88' lang='lat' dir='ltr'>INDEX</span> <span class='ocrx_word' id='word_1_2' title='bbox 737 206 804 243; x_wconf 88' lang='lat' dir='ltr'><em>OF</em></span> <span class='ocrx_word' id='word_1_3' title='bbox 833 204 1027 242; x_wconf 82' lang='lat' dir='ltr'>GREEK</span> <span class='ocrx_word' id='word_1_4' title='bbox 1057 204 1256 241; x_wconf 76' lang='lat' dir='ltr'>WORDS</span> <span class='ocrx_word' id='word_1_5' title='bbox 1616 198 1692 236; x_wconf 81' lang='lat'><em>235</em></span> 
     </span>
    </p>
   </div>
   <div class='ocr_carea' id='block_1_2' title="bbox 88 306 1710 2470">
    <p class='ocr_par' dir='ltr' id='par_1_2' title="bbox 90 306 1694 416">
     <span class='ocr_line' id='line_1_2' title="bbox 90 306 1694 362; baseline -0.006 -11"><span class='ocrx_word' id='word_1_6' title='bbox 90 313 228 352; x_wconf 78' lang='grc' dir='ltr'><em>ἄνωθεν</em></span> <span class='ocrx_word' id='word_1_7' title='bbox 245 328 252 350; x_wconf 86' lang='grc'>;</span> <span class='ocrx_word' id='word_1_8' title='bbox 274 313 298 350; x_wconf 85' lang='lat' dir='ltr'><strong>i.</strong></span> <span class='ocrx_word' id='word_1_9' title='bbox 327 314 374 351; x_wconf 80' lang='grc'>17</span> <span class='ocrx_word' id='word_1_10' title='bbox 397 316 470 351; x_wconf 81' lang='grc' dir='ltr'><em>πᾶν</em></span> <span class='ocrx_word' id='word_1_11' title='bbox 489 312 639 362; x_wconf 83' lang='grc' dir='ltr'>δώρημα</span> <span class='ocrx_word' id='word_1_12' title='bbox 658 312 800 350; x_wconf 86' lang='grc' dir='ltr'><em>τέλειον</em></span> <span class='ocrx_word' id='word_1_13' title='bbox 820 311 957 348; x_wconf 83' lang='grc' dir='ltr'><em>ἄνωθέν</em></span> <span class='ocrx_word' id='word_1_14' title='bbox 977 313 1080 348; x_wconf 87' lang='grc' dir='ltr'><em>ἐστιν</em></span> <span class='ocrx_word' id='word_1_15' title='bbox 1101 310 1340 358; x_wconf 76' lang='grc' dir='ltr'><em>καταβαῖνον,</em></span> <span class='ocrx_word' id='word_1_16' title='bbox 1362 309 1419 344; x_wconf 84' lang='lat' dir='ltr'><strong>iii.</strong></span> <span class='ocrx_word' id='word_1_17' title='bbox 1439 309 1484 344; x_wconf 82' lang='grc'>15</span> <span class='ocrx_word' id='word_1_18' title='bbox 1508 308 1573 345; x_wconf 76' lang='grc' dir='ltr'><em>οὐκ</em></span> <span class='ocrx_word' id='word_1_19' title='bbox 1590 306 1694 343; x_wconf 84' lang='grc' dir='ltr'><em>ἔστιν</em></span> 
     </span>
     <span class='ocr_line' id='line_1_3' title="bbox 197 363 1417 416; baseline -0.005 -12"><span class='ocrx_word' id='word_1_20' title='bbox 197 367 289 415; x_wconf 84' lang='grc' dir='ltr'><em>αὕτη</em></span> <span class='ocrx_word' id='word_1_21' title='bbox 308 368 331 416; x_wconf 89' lang='grc' dir='ltr'>ἡ</span> <span class='ocrx_word' id='word_1_22' title='bbox 351 368 473 416; x_wconf 84' lang='grc' dir='ltr'><em>σοφία</em></span> <span class='ocrx_word' id='word_1_23' title='bbox 492 367 630 405; x_wconf 79' lang='grc' dir='ltr'><em>ἄνωθεν</em></span> <span class='ocrx_word' id='word_1_24' title='bbox 649 365 912 415; x_wconf 82' lang='grc' dir='ltr'>κατερχομένη,</span> <span class='ocrx_word' id='word_1_25' title='bbox 935 364 989 401; x_wconf 84' lang='lat' dir='ltr'><strong>iii.</strong></span> <span class='ocrx_word' id='word_1_26' title='bbox 1015 366 1062 402; x_wconf 77' lang='grc'>17</span> <span class='ocrx_word' id='word_1_27' title='bbox 1083 366 1106 413; x_wconf 85' lang='grc' dir='ltr'>ἡ</span> <span class='ocrx_word' id='word_1_28' title='bbox 1128 365 1266 401; x_wconf 77' lang='grc' dir='ltr'><em>ἄνωθεν</em></span> <span class='ocrx_word' id='word_1_29' title='bbox 1285 363 1417 411; x_wconf 86' lang='grc' dir='ltr'><em>σοφία.</em></span> 
     </span>
    </p>

    <p class='ocr_par' dir='ltr' id='par_1_3' title="bbox 90 417 1513 471">
     <span class='ocr_line' id='line_1_4' title="bbox 90 417 1513 471; baseline -0.004 -13"><span class='ocrx_word' id='word_1_30' title='bbox 90 421 241 471; x_wconf 87' lang='grc' dir='ltr'><em>ἀπαρχή</em></span> <span class='ocrx_word' id='word_1_31' title='bbox 261 435 268 457; x_wconf 85' lang='grc'>;</span> <span class='ocrx_word' id='word_1_32' title='bbox 296 421 319 457; x_wconf 86' lang='lat' dir='ltr'><strong>i.</strong></span> <span class='ocrx_word' id='word_1_33' title='bbox 348 422 393 457; x_wconf 80' lang='lat'><em>18</em></span> <span class='ocrx_word' id='word_1_34' title='bbox 416 423 466 461; x_wconf 84' lang='grc' dir='ltr'><em>εἷς</em></span> <span class='ocrx_word' id='word_1_35' title='bbox 484 422 526 458; x_wconf 82' lang='grc' dir='ltr'><em>τὸ</em></span> <span class='ocrx_word' id='word_1_36' title='bbox 547 420 638 458; x_wconf 78' lang='grc' dir='ltr'><em>εἶναι</em></span> <span class='ocrx_word' id='word_1_37' title='bbox 657 421 754 468; x_wconf 80' lang='grc' dir='ltr'><em>ἡμᾶς</em></span> <span class='ocrx_word' id='word_1_38' title='bbox 773 419 946 468; x_wconf 79' lang='grc' dir='ltr'><em>ἀπαρχήν</em></span> <span class='ocrx_word' id='word_1_39' title='bbox 964 435 1047 456; x_wconf 86' lang='grc' dir='ltr'><em>τινα</em></span> <span class='ocrx_word' id='word_1_40' title='bbox 1066 421 1138 456; x_wconf 82' lang='grc' dir='ltr'><em>τῶν</em></span> <span class='ocrx_word' id='word_1_41' title='bbox 1157 420 1270 455; x_wconf 78' lang='grc' dir='ltr'><em>αὐτοῦ</em></span> <span class='ocrx_word' id='word_1_42' title='bbox 1291 417 1513 464; x_wconf 80' lang='grc' dir='ltr'>κτισμάτων.</span> 
     </span>
    </p>

    <p class='ocr_par' dir='ltr' id='par_1_4' title="bbox 90 473 977 524">
     <span class='ocr_line' id='line_1_5' title="bbox 90 473 977 524; baseline -0.002 -13"><span class='ocrx_word' id='word_1_43' title='bbox 90 475 187 514; x_wconf 84' lang='grc' dir='ltr'><em>ἄπας</em></span> <span class='ocrx_word' id='word_1_44' title='bbox 205 489 212 511; x_wconf 87' lang='lat'>:</span> <span class='ocrx_word' id='word_1_45' title='bbox 242 474 295 512; x_wconf 67' lang='grc'>111,</span> <span class='ocrx_word' id='word_1_46' title='bbox 323 475 344 511; x_wconf 96' lang='grc'>2</span> <span class='ocrx_word' id='word_1_47' title='bbox 366 476 495 512; x_wconf 82' lang='grc' dir='ltr'><em>πολλὰ</em></span> <span class='ocrx_word' id='word_1_48' title='bbox 514 475 586 524; x_wconf 80' lang='grc' dir='ltr'><em>γὰρ</em></span> <span class='ocrx_word' id='word_1_49' title='bbox 607 473 787 522; x_wconf 80' lang='grc' dir='ltr'><em>πταίομεν</em></span> <span class='ocrx_word' id='word_1_50' title='bbox 806 473 977 511; x_wconf 76' lang='grc' dir='ltr'><em>ἅπαντες.</em></span> 
     </span>
    </p>

    <p class='ocr_par' dir='ltr' id='par_1_5' title="bbox 89 527 899 577">
     <span class='ocr_line' id='line_1_6' title="bbox 89 527 899 577; baseline -0.005 -11"><span class='ocrx_word' id='word_1_51' title='bbox 89 529 243 566; x_wconf 79' lang='grc' dir='ltr'><em>ἀπατάω</em></span> <span class='ocrx_word' id='word_1_52' title='bbox 262 542 268 565; x_wconf 79' lang='lat'>2</span> <span class='ocrx_word' id='word_1_53' title='bbox 297 529 323 565; x_wconf 83' lang='lat' dir='ltr'><strong>i.</strong></span> <span class='ocrx_word' id='word_1_54' title='bbox 347 530 396 565; x_wconf 80' lang='grc'><em>26</em></span> <span class='ocrx_word' id='word_1_55' title='bbox 418 531 565 566; x_wconf 81' lang='grc' dir='ltr'>ἀπατῶν</span> <span class='ocrx_word' id='word_1_56' title='bbox 585 527 736 577; x_wconf 80' lang='grc' dir='ltr'><em>καρδίαν</em></span> <span class='ocrx_word' id='word_1_57' title='bbox 759 528 899 563; x_wconf 79' lang='grc' dir='ltr'><em>ἑαυτοῦ.</em></span> 
     </span>
    </p>

    <p class='ocr_par' dir='ltr' id='par_1_6' title="bbox 88 580 1280 632">
     <span class='ocr_line' id='line_1_7' title="bbox 88 580 1280 632; baseline -0.003 -13"><span class='ocrx_word' id='word_1_58' title='bbox 88 595 125 620; x_wconf 81' lang='grc' dir='ltr'><em>α.</em></span> <span class='ocrx_word' id='word_1_59' title='bbox 144 582 391 632; x_wconf 72' lang='grc' dir='ltr'><em>ἀπείραστοςῑ</em></span> <span class='ocrx_word' id='word_1_60' title='bbox 421 582 443 620; x_wconf 91' lang='grc'><em>1.</em></span> <span class='ocrx_word' id='word_1_61' title='bbox 471 583 518 619; x_wconf 83' lang='grc'>13</span> <span class='ocrx_word' id='word_1_62' title='bbox 541 583 561 619; x_wconf 85' lang='grc' dir='ltr'>ὁ</span> <span class='ocrx_word' id='word_1_63' title='bbox 580 582 652 632; x_wconf 81' lang='grc' dir='ltr'><em>γὰρ</em></span> <span class='ocrx_word' id='word_1_64' title='bbox 671 581 763 620; x_wconf 83' lang='grc' dir='ltr'>Θεὸς</span> <span class='ocrx_word' id='word_1_65' title='bbox 781 580 1009 629; x_wconf 83' lang='grc' dir='ltr'><em>ἀπείραστός</em></span> <span class='ocrx_word' id='word_1_66' title='bbox 1028 582 1131 617; x_wconf 88' lang='grc' dir='ltr'><em>ἐστιν</em></span> <span class='ocrx_word' id='word_1_67' title='bbox 1151 581 1280 616; x_wconf 82' lang='grc' dir='ltr'><em>κακῶν.</em></span> 
     </span>
    </p>

    <p class='ocr_par' dir='ltr' id='par_1_7' title="bbox 90 633 1195 687">
     <span class='ocr_line' id='line_1_8' title="bbox 90 633 1195 687; baseline -0.003 -14"><span class='ocrx_word' id='word_1_68' title='bbox 90 636 300 687; x_wconf 81' lang='grc' dir='ltr'><em>ἀπέρχομαι</em></span> <span class='ocrx_word' id='word_1_69' title='bbox 319 650 325 673; x_wconf 84' lang='grc'>;</span> <span class='ocrx_word' id='word_1_70' title='bbox 356 637 381 673; x_wconf 83' lang='grc'><em>1.</em></span> <span class='ocrx_word' id='word_1_71' title='bbox 406 637 455 672; x_wconf 78' lang='grc'><em>24</em></span> <span class='ocrx_word' id='word_1_72' title='bbox 476 636 698 684; x_wconf 89' lang='grc' dir='ltr'><em>κατενόησεν</em></span> <span class='ocrx_word' id='word_1_73' title='bbox 719 634 848 671; x_wconf 82' lang='grc' dir='ltr'><em>ἑαυτὸν</em></span> <span class='ocrx_word' id='word_1_74' title='bbox 868 633 929 671; x_wconf 80' lang='grc' dir='ltr'><em>καὶ</em></span> <span class='ocrx_word' id='word_1_75' title='bbox 948 633 1195 682; x_wconf 77' lang='grc' dir='ltr'>ἀπελήλυθεν.</span> 
     </span>
    </p>

    <p class='ocr_par' dir='ltr' id='par_1_8' title="bbox 90 689 1077 730">
     <span class='ocr_line' id='line_1_9' title="bbox 90 689 1077 730; baseline -0.003 -3"><span class='ocrx_word' id='word_1_76' title='bbox 90 703 119 727; x_wconf 86' lang='lat' dir='ltr'><em>c.</em></span> <span class='ocrx_word' id='word_1_77' title='bbox 143 692 269 730; x_wconf 83' lang='grc' dir='ltr'><em>ἁπλῶς</em></span> <span class='ocrx_word' id='word_1_78' title='bbox 286 705 292 727; x_wconf 91' lang='lat'>:</span> <span class='ocrx_word' id='word_1_79' title='bbox 325 690 349 726; x_wconf 89' lang='lat' dir='ltr'><strong>i.</strong></span> <span class='ocrx_word' id='word_1_80' title='bbox 373 690 395 726; x_wconf 84' lang='lat'>5</span> <span class='ocrx_word' id='word_1_81' title='bbox 416 693 483 728; x_wconf 81' lang='grc' dir='ltr'><em>τοῦ</em></span> <span class='ocrx_word' id='word_1_82' title='bbox 502 689 664 729; x_wconf 79' lang='grc' dir='ltr'><em>διδόντος</em></span> <span class='ocrx_word' id='word_1_83' title='bbox 682 691 777 726; x_wconf 78' lang='grc' dir='ltr'><em>Θεοῦ</em></span> <span class='ocrx_word' id='word_1_84' title='bbox 796 690 912 725; x_wconf 84' lang='grc' dir='ltr'><em>πᾶσιν</em></span> <span class='ocrx_word' id='word_1_85' title='bbox 941 689 1077 727; x_wconf 83' lang='grc' dir='ltr'><em>ἁπλῶς.</em></span> 
     </span>
    </p>

    <p class='ocr_par' dir='ltr' id='par_1_9' title="bbox 91 736 1698 955">
     <span class='ocr_line' id='line_1_10' title="bbox 91 736 1693 792; baseline -0.007 -10"><span class='ocrx_word' id='word_1_86' title='bbox 91 744 164 782; x_wconf 86' lang='grc' dir='ltr'><em>ἀπό</em></span> <span class='ocrx_word' id='word_1_87' title='bbox 181 759 187 781; x_wconf 88' lang='grc'>;</span> <span class='ocrx_word' id='word_1_88' title='bbox 219 745 243 781; x_wconf 82' lang='grc'><em>1.</em></span> <span class='ocrx_word' id='word_1_89' title='bbox 270 745 316 780; x_wconf 84' lang='grc'>13</span> <span class='ocrx_word' id='word_1_90' title='bbox 338 745 411 782; x_wconf 84' lang='grc' dir='ltr'><em>ἀπὸ</em></span> <span class='ocrx_word' id='word_1_91' title='bbox 430 746 525 781; x_wconf 79' lang='grc' dir='ltr'><em>Θεοῦ</em></span> <span class='ocrx_word' id='word_1_92' title='bbox 543 744 773 792; x_wconf 82' lang='grc' dir='ltr'><em>πειράζομαι,</em></span> <span class='ocrx_word' id='word_1_93' title='bbox 795 743 818 778; x_wconf 86' lang='lat' dir='ltr'><strong>i.</strong></span> <span class='ocrx_word' id='word_1_94' title='bbox 854 741 901 779; x_wconf 83' lang='grc'>17</span> <span class='ocrx_word' id='word_1_95' title='bbox 933 741 1162 789; x_wconf 78' lang='grc' dir='ltr'><em>καταβαῖνον</em></span> <span class='ocrx_word' id='word_1_96' title='bbox 1195 739 1267 777; x_wconf 80' lang='grc' dir='ltr'><em>ἀπὸ</em></span> <span class='ocrx_word' id='word_1_97' title='bbox 1300 741 1366 776; x_wconf 76' lang='grc' dir='ltr'><em>τοῦ</em></span> <span class='ocrx_word' id='word_1_98' title='bbox 1399 737 1549 787; x_wconf 83' lang='grc' dir='ltr'><em>πατρός,</em></span> <span class='ocrx_word' id='word_1_99' title='bbox 1581 736 1605 773; x_wconf 85' lang='grc'><em>1.</em></span> <span class='ocrx_word' id='word_1_100' title='bbox 1644 737 1693 772; x_wconf 73' lang='grc'><em>27</em></span> 
     </span>
     <span class='ocr_line' id='line_1_11' title="bbox 197 791 1694 846; baseline -0.005 -12"><span class='ocrx_word' id='word_1_101' title='bbox 197 799 363 835; x_wconf 76' lang='grc' dir='ltr'><em>ἄσπιλον</em></span> <span class='ocrx_word' id='word_1_102' title='bbox 383 799 512 836; x_wconf 82' lang='grc' dir='ltr'><em>ἑαυτὸν</em></span> <span class='ocrx_word' id='word_1_103' title='bbox 530 799 654 846; x_wconf 80' lang='grc' dir='ltr'><em>τηρεῖν</em></span> <span class='ocrx_word' id='word_1_104' title='bbox 673 797 745 834; x_wconf 86' lang='grc' dir='ltr'><em>ἀπὸ</em></span> <span class='ocrx_word' id='word_1_105' title='bbox 765 798 831 833; x_wconf 73' lang='grc' dir='ltr'><em>τοῦ</em></span> <span class='ocrx_word' id='word_1_106' title='bbox 852 795 1008 843; x_wconf 82' lang='grc' dir='ltr'><em>κόσμου,</em></span> <span class='ocrx_word' id='word_1_107' title='bbox 1030 795 1081 831; x_wconf 78' lang='lat' dir='ltr'><strong>iv.</strong></span> <span class='ocrx_word' id='word_1_108' title='bbox 1108 796 1127 831; x_wconf 81' lang='grc'>7</span> <span class='ocrx_word' id='word_1_109' title='bbox 1152 794 1327 843; x_wconf 76' lang='grc' dir='ltr'><em>φεύξεται</em></span> <span class='ocrx_word' id='word_1_110' title='bbox 1347 792 1413 840; x_wconf 81' lang='grc' dir='ltr'><em>ἀφ’</em></span> <span class='ocrx_word' id='word_1_111' title='bbox 1436 793 1546 840; x_wconf 77' lang='grc' dir='ltr'><em>ὑμῶν,</em></span> <span class='ocrx_word' id='word_1_112' title='bbox 1568 804 1605 827; x_wconf 90' lang='lat' dir='ltr'><em>V.</em></span> <span class='ocrx_word' id='word_1_113' title='bbox 1630 791 1652 825; x_wconf 69' lang='lat'>4</span> <span class='ocrx_word' id='word_1_114' title='bbox 1674 791 1694 826; x_wconf 85' lang='grc' dir='ltr'><strong>ὁ</strong></span> 
     </span>
     <span class='ocr_line' id='line_1_12' title="bbox 198 845 1698 901; baseline -0.005 -12"><span class='ocrx_word' id='word_1_115' title='bbox 198 853 335 901; x_wconf 83' lang='grc' dir='ltr'><em>μισθὸς</em></span> <span class='ocrx_word' id='word_1_116' title='bbox 364 853 384 889; x_wconf 82' lang='grc' dir='ltr'><strong><em>ὃ</em></strong></span> <span class='ocrx_word' id='word_1_117' title='bbox 403 851 708 901; x_wconf 79' lang='grc' dir='ltr'><em>ἀφυστερημένος</em></span> <span class='ocrx_word' id='word_1_118' title='bbox 741 851 807 898; x_wconf 75' lang='grc' dir='ltr'><em>ἀφ’</em></span> <span class='ocrx_word' id='word_1_119' title='bbox 839 851 948 898; x_wconf 74' lang='grc' dir='ltr'><em>ὑμῶν,</em></span> <span class='ocrx_word' id='word_1_120' title='bbox 984 862 1022 885; x_wconf 84' lang='lat' dir='ltr'><strong>V.</strong></span> <span class='ocrx_word' id='word_1_121' title='bbox 1062 849 1109 885; x_wconf 84' lang='grc'>19</span> <span class='ocrx_word' id='word_1_122' title='bbox 1143 849 1206 885; x_wconf 79' lang='grc' dir='ltr'><em>ἐάν</em></span> <span class='ocrx_word' id='word_1_123' title='bbox 1235 864 1290 887; x_wconf 88' lang='grc' dir='ltr'><em>τις</em></span> <span class='ocrx_word' id='word_1_124' title='bbox 1322 846 1496 895; x_wconf 80' lang='grc' dir='ltr'><em>πλανηθῇ</em></span> <span class='ocrx_word' id='word_1_125' title='bbox 1527 845 1599 882; x_wconf 86' lang='grc' dir='ltr'><em>ἀπὸ</em></span> <span class='ocrx_word' id='word_1_126' title='bbox 1633 845 1698 891; x_wconf 87' lang='grc' dir='ltr'><em>τῆς</em></span> 
     </span>
     <span class='ocr_line' id='line_1_13' title="bbox 198 900 1276 955; baseline -0.006 -12"><span class='ocrx_word' id='word_1_127' title='bbox 198 906 385 955; x_wconf 84' lang='grc' dir='ltr'><em>ἀληθείας.</em></span> <span class='ocrx_word' id='word_1_128' title='bbox 441 906 513 942; x_wconf 81' lang='lat' dir='ltr'><em>See</em></span> <span class='ocrx_word' id='word_1_129' title='bbox 532 919 567 954; x_wconf 90' lang='lat' dir='ltr'><em>p.</em></span> <span class='ocrx_word' id='word_1_130' title='bbox 589 905 713 942; x_wconf 74' lang='lat' dir='ltr'>cxcix.</span> <span class='ocrx_word' id='word_1_131' title='bbox 1272 900 1276 905; x_wconf 75' lang='grc'><strong>’</strong></span> 
     </span>
    </p>

    <p class='ocr_par' dir='ltr' id='par_1_10' title="bbox 88 952 1698 1062">
     <span class='ocr_line' id='line_1_14' title="bbox 88 952 1698 1008; baseline -0.006 -11"><span class='ocrx_word' id='word_1_132' title='bbox 88 974 150 998; x_wconf 59' lang='lat' dir='ltr'><strong>(Le.</strong></span> <span class='ocrx_word' id='word_1_133' title='bbox 174 960 340 997; x_wconf 85' lang='grc' dir='ltr'><em>ἀποκυέω</em></span> <span class='ocrx_word' id='word_1_134' title='bbox 358 975 365 997; x_wconf 80' lang='lat'>2</span> <span class='ocrx_word' id='word_1_135' title='bbox 386 961 410 996; x_wconf 83' lang='grc'><em>1.</em></span> <span class='ocrx_word' id='word_1_136' title='bbox 437 960 484 997; x_wconf 90' lang='grc'>15</span> <span class='ocrx_word' id='word_1_137' title='bbox 506 961 529 1008; x_wconf 87' lang='grc' dir='ltr'>ἡ</span> <span class='ocrx_word' id='word_1_138' title='bbox 550 959 587 996; x_wconf 84' lang='grc' dir='ltr'><em>δὲ</em></span> <span class='ocrx_word' id='word_1_139' title='bbox 603 958 766 1008; x_wconf 79' lang='grc' dir='ltr'><em>ἁμαρτία</em></span> <span class='ocrx_word' id='word_1_140' title='bbox 782 957 1083 995; x_wconf 76' lang='grc' dir='ltr'><em>ἀποτελεσθεῖσα</em></span> <span class='ocrx_word' id='word_1_141' title='bbox 1098 956 1252 993; x_wconf 78' lang='grc' dir='ltr'><em>ἀποκυεῖ</em></span> <span class='ocrx_word' id='word_1_142' title='bbox 1265 955 1433 998; x_wconf 77' lang='grc' dir='ltr'><em>θάνατον,</em></span> <span class='ocrx_word' id='word_1_143' title='bbox 1452 953 1476 989; x_wconf 77' lang='lat' dir='ltr'><strong>i.</strong></span> <span class='ocrx_word' id='word_1_144' title='bbox 1495 953 1542 989; x_wconf 82' lang='grc'>18</span> <span class='ocrx_word' id='word_1_145' title='bbox 1559 952 1698 999; x_wconf 83' lang='grc' dir='ltr'><em>βουλη-</em></span> 
     </span>
     <span class='ocr_line' id='line_1_15' title="bbox 201 1008 1312 1062; baseline -0.006 -11"><span class='ocrx_word' id='word_1_146' title='bbox 201 1014 276 1054; x_wconf 81' lang='grc' dir='ltr'><em>θεὶς</em></span> <span class='ocrx_word' id='word_1_147' title='bbox 296 1014 505 1062; x_wconf 85' lang='grc' dir='ltr'><em>ἀπεκύησεν</em></span> <span class='ocrx_word' id='word_1_148' title='bbox 522 1014 620 1062; x_wconf 80' lang='grc' dir='ltr'><em>ἡμᾶς</em></span> <span class='ocrx_word' id='word_1_149' title='bbox 638 1013 740 1062; x_wconf 78' lang='grc' dir='ltr'><em>λόγῳ</em></span> <span class='ocrx_word' id='word_1_150' title='bbox 761 1011 946 1060; x_wconf 80' lang='grc' dir='ltr'><em>ἀληθείας.</em></span> <span class='ocrx_word' id='word_1_151' title='bbox 1007 1011 1079 1047; x_wconf 77' lang='lat' dir='ltr'><em>See</em></span> <span class='ocrx_word' id='word_1_152' title='bbox 1100 1023 1135 1058; x_wconf 84' lang='lat' dir='ltr'><strong>p.</strong></span> <span class='ocrx_word' id='word_1_153' title='bbox 1159 1008 1312 1045; x_wconf 75' lang='lat' dir='ltr'>ccxviii.</span> 
     </span>
    </p>

    <p class='ocr_par' dir='ltr' id='par_1_11' title="bbox 92 1058 1703 1170">
     <span class='ocr_line' id='line_1_16' title="bbox 92 1058 1703 1117; baseline -0.007 -12"><span class='ocrx_word' id='word_1_154' title='bbox 92 1068 284 1117; x_wconf 87' lang='grc' dir='ltr'><em>ἀπόλλυμι</em></span> <span class='ocrx_word' id='word_1_155' title='bbox 302 1082 309 1104; x_wconf 88' lang='lat'>:</span> <span class='ocrx_word' id='word_1_156' title='bbox 340 1069 364 1104; x_wconf 87' lang='lat' dir='ltr'><strong>i.</strong></span> <span class='ocrx_word' id='word_1_157' title='bbox 390 1068 433 1104; x_wconf 88' lang='lat'><em>11</em></span> <span class='ocrx_word' id='word_1_158' title='bbox 458 1068 481 1115; x_wconf 86' lang='grc' dir='ltr'>ἡ</span> <span class='ocrx_word' id='word_1_159' title='bbox 503 1067 698 1116; x_wconf 82' lang='grc' dir='ltr'><em>εὐπρέπεια</em></span> <span class='ocrx_word' id='word_1_160' title='bbox 717 1068 782 1103; x_wconf 77' lang='grc' dir='ltr'><em>τοῦ</em></span> <span class='ocrx_word' id='word_1_161' title='bbox 801 1065 1006 1114; x_wconf 88' lang='grc' dir='ltr'><em>προσώπου</em></span> <span class='ocrx_word' id='word_1_162' title='bbox 1025 1066 1138 1101; x_wconf 78' lang='grc' dir='ltr'><em>αὐτοῦ</em></span> <span class='ocrx_word' id='word_1_163' title='bbox 1166 1063 1348 1103; x_wconf 83' lang='grc' dir='ltr'><em>ἀπώλετο,</em></span> <span class='ocrx_word' id='word_1_164' title='bbox 1379 1061 1431 1097; x_wconf 78' lang='lat' dir='ltr'><strong>iV.</strong></span> <span class='ocrx_word' id='word_1_165' title='bbox 1459 1061 1506 1096; x_wconf 76' lang='grc'>12</span> <span class='ocrx_word' id='word_1_166' title='bbox 1529 1058 1579 1099; x_wconf 76' lang='grc' dir='ltr'><em>εἷς</em></span> <span class='ocrx_word' id='word_1_167' title='bbox 1600 1060 1703 1096; x_wconf 77' lang='grc' dir='ltr'><em>ἔστιν</em></span> 
     </span>
     <span class='ocr_line' id='line_1_17' title="bbox 201 1119 1112 1170; baseline -0.004 -11"><span class='ocrx_word' id='word_1_168' title='bbox 201 1122 403 1170; x_wconf 87' lang='grc' dir='ltr'><em>νομοθέτης</em></span> <span class='ocrx_word' id='word_1_169' title='bbox 422 1122 442 1159; x_wconf 86' lang='grc' dir='ltr'>ὁ</span> <span class='ocrx_word' id='word_1_170' title='bbox 463 1121 660 1170; x_wconf 79' lang='grc' dir='ltr'><em>δυνάμενος</em></span> <span class='ocrx_word' id='word_1_171' title='bbox 680 1123 804 1158; x_wconf 79' lang='grc' dir='ltr'><em>σῶσαι</em></span> <span class='ocrx_word' id='word_1_172' title='bbox 833 1119 894 1156; x_wconf 80' lang='grc' dir='ltr'><em>καὶ</em></span> <span class='ocrx_word' id='word_1_173' title='bbox 914 1119 1112 1156; x_wconf 85' lang='grc' dir='ltr'><em>ἀπολέσαι.</em></span> 
     </span>
    </p>

    <p class='ocr_par' dir='ltr' id='par_1_12' title="bbox 92 1168 1696 1267">
     <span class='ocr_line' id='line_1_18' title="bbox 92 1168 1696 1224; baseline -0.006 -11"><span class='ocrx_word' id='word_1_174' title='bbox 92 1189 128 1213; x_wconf 82' lang='grc' dir='ltr'><em>α.</em></span> <span class='ocrx_word' id='word_1_175' title='bbox 151 1175 420 1224; x_wconf 79' lang='grc' dir='ltr'><em>ἀποσκίασμα;</em></span> <span class='ocrx_word' id='word_1_176' title='bbox 451 1175 474 1211; x_wconf 86' lang='grc'><em>1.</em></span> <span class='ocrx_word' id='word_1_177' title='bbox 501 1174 548 1212; x_wconf 84' lang='grc'>17</span> <span class='ocrx_word' id='word_1_178' title='bbox 569 1174 654 1224; x_wconf 83' lang='grc' dir='ltr'><em>παρ’</em></span> <span class='ocrx_word' id='word_1_179' title='bbox 680 1172 708 1224; x_wconf 68' lang='grc' dir='ltr'><strong><em>ᾧ</em></strong></span> <span class='ocrx_word' id='word_1_180' title='bbox 727 1175 792 1211; x_wconf 75' lang='grc' dir='ltr'><em>οὐκ</em></span> <span class='ocrx_word' id='word_1_181' title='bbox 813 1173 864 1211; x_wconf 76' lang='grc' dir='ltr'><em>ἔνι</em></span> <span class='ocrx_word' id='word_1_182' title='bbox 883 1173 1113 1222; x_wconf 84' lang='grc' dir='ltr'><em>παραλλαγὴ</em></span> <span class='ocrx_word' id='word_1_183' title='bbox 1142 1170 1166 1220; x_wconf 74' lang='grc' dir='ltr'>ἦ</span> <span class='ocrx_word' id='word_1_184' title='bbox 1195 1172 1335 1221; x_wconf 86' lang='grc' dir='ltr'><em>τροπῆς</em></span> <span class='ocrx_word' id='word_1_185' title='bbox 1365 1168 1625 1216; x_wconf 71' lang='grc' dir='ltr'><em>ἀποσκίασμα.</em></span> <span class='ocrx_word' id='word_1_186' title='bbox 1661 1179 1696 1214; x_wconf 80' lang='lat' dir='ltr'><strong>p.</strong></span> 
     </span>
     <span class='ocr_line' id='line_1_19' title="bbox 203 1242 356 1267; baseline 0.007 -1"><span class='ocrx_word' id='word_1_187' title='bbox 203 1242 356 1267; x_wconf 78' lang='lat' dir='ltr'><strong>CCXVIII.</strong></span> 
     </span>
    </p>

    <p class='ocr_par' dir='ltr' id='par_1_13' title="bbox 94 1280 1209 1332">
     <span class='ocr_line' id='line_1_20' title="bbox 94 1280 1209 1332; baseline -0.004 -11"><span class='ocrx_word' id='word_1_188' title='bbox 94 1283 331 1332; x_wconf 82' lang='grc' dir='ltr'><em>ἀποστερέω;</em></span> <span class='ocrx_word' id='word_1_189' title='bbox 362 1283 458 1320; x_wconf 74' lang='lat' dir='ltr'>read</span> <span class='ocrx_word' id='word_1_190' title='bbox 478 1283 520 1319; x_wconf 78' lang='lat' dir='ltr'><em>in</em></span> <span class='ocrx_word' id='word_1_191' title='bbox 542 1295 648 1319; x_wconf 71' lang='lat' dir='ltr'>solue</span> <span class='ocrx_word' id='word_1_192' title='bbox 668 1281 784 1318; x_wconf 70' lang='lat' dir='ltr'><strong>MSS.</strong></span> <span class='ocrx_word' id='word_1_193' title='bbox 804 1281 867 1317; x_wconf 81' lang='lat' dir='ltr'><em>for</em></span> <span class='ocrx_word' id='word_1_194' title='bbox 883 1280 1102 1330; x_wconf 78' lang='grc' dir='ltr'><em>ἀφυστερέω</em></span> <span class='ocrx_word' id='word_1_195' title='bbox 1119 1293 1155 1316; x_wconf 88' lang='lat' dir='ltr'><em>V.</em></span> <span class='ocrx_word' id='word_1_196' title='bbox 1175 1280 1209 1316; x_wconf 81' lang='lat'><strong>4.</strong></span> 
     </span>
    </p>

    <p class='ocr_par' dir='ltr' id='par_1_14' title="bbox 93 1332 1407 1386">
     <span class='ocr_line' id='line_1_21' title="bbox 93 1332 1407 1386; baseline -0.005 -11"><span class='ocrx_word' id='word_1_197' title='bbox 93 1337 283 1375; x_wconf 86' lang='grc' dir='ltr'><em>ἀποτελέω</em></span> <span class='ocrx_word' id='word_1_198' title='bbox 301 1351 307 1374; x_wconf 85' lang='grc'>;</span> <span class='ocrx_word' id='word_1_199' title='bbox 336 1338 359 1374; x_wconf 83' lang='grc'><em>1.</em></span> <span class='ocrx_word' id='word_1_200' title='bbox 387 1338 434 1374; x_wconf 88' lang='grc'>15</span> <span class='ocrx_word' id='word_1_201' title='bbox 456 1338 479 1386; x_wconf 87' lang='grc' dir='ltr'>ἡ</span> <span class='ocrx_word' id='word_1_202' title='bbox 499 1337 537 1374; x_wconf 79' lang='grc' dir='ltr'><em>δὲ</em></span> <span class='ocrx_word' id='word_1_203' title='bbox 558 1336 719 1385; x_wconf 81' lang='grc' dir='ltr'><em>ἁμαρτία</em></span> <span class='ocrx_word' id='word_1_204' title='bbox 741 1336 1043 1374; x_wconf 81' lang='grc' dir='ltr'><em>ἀποτελεσθεῖσα</em></span> <span class='ocrx_word' id='word_1_205' title='bbox 1064 1335 1220 1371; x_wconf 81' lang='grc' dir='ltr'><em>ἀποκυεῖ</em></span> <span class='ocrx_word' id='word_1_206' title='bbox 1238 1332 1407 1371; x_wconf 82' lang='grc' dir='ltr'><em>θάνατον.</em></span> 
     </span>
    </p>

    <p class='ocr_par' dir='ltr' id='par_1_15' title="bbox 93 1389 1050 1440">
     <span class='ocr_line' id='line_1_22' title="bbox 93 1389 1050 1440; baseline -0.003 -11"><span class='ocrx_word' id='word_1_207' title='bbox 93 1392 296 1440; x_wconf 83' lang='grc' dir='ltr'><em>ἀποτίθημι</em></span> <span class='ocrx_word' id='word_1_208' title='bbox 314 1405 321 1428; x_wconf 89' lang='lat'>:</span> <span class='ocrx_word' id='word_1_209' title='bbox 350 1391 375 1428; x_wconf 83' lang='grc'><em>1.</em></span> <span class='ocrx_word' id='word_1_210' title='bbox 399 1392 445 1427; x_wconf 79' lang='grc'>21</span> <span class='ocrx_word' id='word_1_211' title='bbox 470 1391 692 1440; x_wconf 83' lang='grc' dir='ltr'><em>ἀποθέμενοι</em></span> <span class='ocrx_word' id='word_1_212' title='bbox 711 1393 838 1428; x_wconf 79' lang='grc' dir='ltr'><em>πᾶσαν</em></span> <span class='ocrx_word' id='word_1_213' title='bbox 856 1389 1050 1438; x_wconf 80' lang='grc' dir='ltr'><em>ῥυπαρίαν.</em></span> 
     </span>
    </p>

    <p class='ocr_par' dir='ltr' id='par_1_16' title="bbox 95 1438 1417 1496">
     <span class='ocr_line' id='line_1_23' title="bbox 95 1438 1417 1496; baseline -0.006 -13"><span class='ocrx_word' id='word_1_214' title='bbox 95 1446 208 1496; x_wconf 87' lang='grc' dir='ltr'><em>ἀργός</em></span> <span class='ocrx_word' id='word_1_215' title='bbox 227 1460 234 1483; x_wconf 90' lang='lat'>:</span> <span class='ocrx_word' id='word_1_216' title='bbox 263 1446 302 1483; x_wconf 82' lang='lat' dir='ltr'><strong>ii.</strong></span> <span class='ocrx_word' id='word_1_217' title='bbox 327 1447 377 1482; x_wconf 84' lang='grc'><em>20</em></span> <span class='ocrx_word' id='word_1_218' title='bbox 398 1447 420 1494; x_wconf 87' lang='grc' dir='ltr'>ἡ</span> <span class='ocrx_word' id='word_1_219' title='bbox 440 1446 567 1485; x_wconf 82' lang='grc' dir='ltr'><em>πίστις</em></span> <span class='ocrx_word' id='word_1_220' title='bbox 585 1445 698 1495; x_wconf 78' lang='grc' dir='ltr'><em>χωρὶς</em></span> <span class='ocrx_word' id='word_1_221' title='bbox 716 1448 788 1481; x_wconf 80' lang='grc' dir='ltr'><em>τῶν</em></span> <span class='ocrx_word' id='word_1_222' title='bbox 808 1444 925 1494; x_wconf 81' lang='grc' dir='ltr'><em>ἔργων</em></span> <span class='ocrx_word' id='word_1_223' title='bbox 945 1443 1042 1494; x_wconf 88' lang='grc' dir='ltr'><em>ἀργή</em></span> <span class='ocrx_word' id='word_1_224' title='bbox 1064 1445 1167 1480; x_wconf 85' lang='grc' dir='ltr'><em>ἐστιν</em></span> <span class='ocrx_word' id='word_1_225' title='bbox 1189 1439 1254 1492; x_wconf 77' lang='grc' dir='ltr'><em>(αἶ.</em></span> <span class='ocrx_word' id='word_1_226' title='bbox 1278 1438 1417 1489; x_wconf 81' lang='grc' dir='ltr'><em>νεκρά).</em></span> 
     </span>
    </p>

    <p class='ocr_par' dir='ltr' id='par_1_17' title="bbox 95 1499 820 1551">
     <span class='ocr_line' id='line_1_24' title="bbox 95 1499 820 1551; baseline -0.003 -14"><span class='ocrx_word' id='word_1_227' title='bbox 95 1501 254 1551; x_wconf 78' lang='grc' dir='ltr'><em>ἄργυρος</em></span> <span class='ocrx_word' id='word_1_228' title='bbox 273 1513 280 1536; x_wconf 75' lang='lat'>2</span> <span class='ocrx_word' id='word_1_229' title='bbox 309 1513 347 1536; x_wconf 91' lang='lat' dir='ltr'><em>V.</em></span> <span class='ocrx_word' id='word_1_230' title='bbox 372 1500 393 1535; x_wconf 83' lang='lat'><strong>3</strong></span> <span class='ocrx_word' id='word_1_231' title='bbox 416 1501 435 1537; x_wconf 81' lang='grc' dir='ltr'><em>ὃ</em></span> <span class='ocrx_word' id='word_1_232' title='bbox 457 1500 615 1549; x_wconf 76' lang='grc' dir='ltr'><em>ἄργυρος</em></span> <span class='ocrx_word' id='word_1_233' title='bbox 635 1499 820 1536; x_wconf 85' lang='grc' dir='ltr'><em>κατίωται,</em></span> 
     </span>
    </p>

    <p class='ocr_par' dir='ltr' id='par_1_18' title="bbox 94 1546 1619 1601">
     <span class='ocr_line' id='line_1_25' title="bbox 94 1546 1619 1601; baseline -0.007 -8"><span class='ocrx_word' id='word_1_234' title='bbox 94 1554 258 1593; x_wconf 77' lang='grc' dir='ltr'><em>ἀσθενέα)</em></span> <span class='ocrx_word' id='word_1_235' title='bbox 275 1567 281 1590; x_wconf 89' lang='lat'>:</span> <span class='ocrx_word' id='word_1_236' title='bbox 311 1567 338 1590; x_wconf 91' lang='lat' dir='ltr'><strong>V</strong></span> <span class='ocrx_word' id='word_1_237' title='bbox 361 1554 409 1590; x_wconf 75' lang='lat'><em>14</em></span> <span class='ocrx_word' id='word_1_238' title='bbox 430 1555 581 1592; x_wconf 78' lang='grc' dir='ltr'><em>ἀσθενεῖ</em></span> <span class='ocrx_word' id='word_1_239' title='bbox 598 1570 653 1593; x_wconf 92' lang='grc' dir='ltr'><em>τις</em></span> <span class='ocrx_word' id='word_1_240' title='bbox 673 1555 711 1590; x_wconf 85' lang='grc' dir='ltr'><em>ἐν</em></span> <span class='ocrx_word' id='word_1_241' title='bbox 730 1554 842 1601; x_wconf 79' lang='grc' dir='ltr'><em>ὖμῖν;</em></span> <span class='ocrx_word' id='word_1_242' title='bbox 869 1550 1202 1601; x_wconf 85' lang='grc' dir='ltr'><em>προσκαλεσάσθω</em></span> <span class='ocrx_word' id='word_1_243' title='bbox 1222 1548 1309 1588; x_wconf 75' lang='grc' dir='ltr'><em>τοὺς</em></span> <span class='ocrx_word' id='word_1_244' title='bbox 1327 1546 1619 1598; x_wconf 82' lang='grc' dir='ltr'><em>πρεσβυτέρους.</em></span> 
     </span>
    </p>

    <p class='ocr_par' dir='ltr' id='par_1_19' title="bbox 93 1605 1295 1656">
     <span class='ocr_line' id='line_1_26' title="bbox 93 1605 1295 1656; baseline -0.004 -11"><span class='ocrx_word' id='word_1_245' title='bbox 93 1623 121 1645; x_wconf 76' lang='lat' dir='ltr'><strong>e.</strong></span> <span class='ocrx_word' id='word_1_246' title='bbox 146 1609 310 1648; x_wconf 79' lang='grc' dir='ltr'><em>ἄσπιλος</em></span> <span class='ocrx_word' id='word_1_247' title='bbox 327 1623 334 1645; x_wconf 90' lang='lat'>:</span> <span class='ocrx_word' id='word_1_248' title='bbox 364 1608 387 1644; x_wconf 85' lang='lat' dir='ltr'><strong>i.</strong></span> <span class='ocrx_word' id='word_1_249' title='bbox 412 1608 461 1645; x_wconf 74' lang='grc'><em>27</em></span> <span class='ocrx_word' id='word_1_250' title='bbox 483 1608 649 1645; x_wconf 80' lang='grc' dir='ltr'><em>ἄσπιλον</em></span> <span class='ocrx_word' id='word_1_251' title='bbox 669 1607 798 1644; x_wconf 82' lang='grc' dir='ltr'><em>ἑαυτὸν</em></span> <span class='ocrx_word' id='word_1_252' title='bbox 818 1608 941 1656; x_wconf 80' lang='grc' dir='ltr'><em>τηρεῖν</em></span> <span class='ocrx_word' id='word_1_253' title='bbox 961 1606 1033 1643; x_wconf 83' lang='grc' dir='ltr'><em>ἀπὸ</em></span> <span class='ocrx_word' id='word_1_254' title='bbox 1053 1607 1120 1643; x_wconf 77' lang='grc' dir='ltr'><em>τοῦ</em></span> <span class='ocrx_word' id='word_1_255' title='bbox 1140 1605 1295 1653; x_wconf 88' lang='grc' dir='ltr'><em>κόσμου.</em></span> 
     </span>
    </p>

    <p class='ocr_par' dir='ltr' id='par_1_20' title="bbox 95 1661 898 1712">
     <span class='ocr_line' id='line_1_27' title="bbox 95 1661 898 1712; baseline -0.002 -12"><span class='ocrx_word' id='word_1_256' title='bbox 95 1663 260 1712; x_wconf 81' lang='grc' dir='ltr'><em>ἀτιμάζω</em></span> <span class='ocrx_word' id='word_1_257' title='bbox 279 1676 285 1698; x_wconf 91' lang='lat'>:</span> <span class='ocrx_word' id='word_1_258' title='bbox 316 1662 357 1698; x_wconf 80' lang='lat' dir='ltr'><strong>ii.</strong></span> <span class='ocrx_word' id='word_1_259' title='bbox 383 1663 404 1698; x_wconf 84' lang='grc'>6</span> <span class='ocrx_word' id='word_1_260' title='bbox 426 1662 635 1711; x_wconf 78' lang='grc' dir='ltr'><em>ἠτιμάσατε</em></span> <span class='ocrx_word' id='word_1_261' title='bbox 653 1661 719 1698; x_wconf 80' lang='grc' dir='ltr'><em>τὸν</em></span> <span class='ocrx_word' id='word_1_262' title='bbox 737 1661 898 1711; x_wconf 88' lang='grc' dir='ltr'><em>πτωχόν.</em></span> 
     </span>
    </p>

    <p class='ocr_par' dir='ltr' id='par_1_21' title="bbox 95 1713 1159 1765">
     <span class='ocr_line' id='line_1_28' title="bbox 95 1713 1159 1765; baseline -0.004 -12"><span class='ocrx_word' id='word_1_263' title='bbox 95 1717 228 1765; x_wconf 85' lang='grc' dir='ltr'><em>ἀτμίς;</em></span> <span class='ocrx_word' id='word_1_264' title='bbox 259 1716 311 1752; x_wconf 83' lang='lat' dir='ltr'><strong>iV.</strong></span> <span class='ocrx_word' id='word_1_265' title='bbox 338 1716 386 1752; x_wconf 81' lang='lat'><em>14</em></span> <span class='ocrx_word' id='word_1_266' title='bbox 407 1716 515 1765; x_wconf 89' lang='grc' dir='ltr'><em>ἀτμίς</em></span> <span class='ocrx_word' id='word_1_267' title='bbox 535 1719 621 1753; x_wconf 90' lang='grc' dir='ltr'><em>ἐστε</em></span> <span class='ocrx_word' id='word_1_268' title='bbox 639 1717 662 1764; x_wconf 88' lang='grc' dir='ltr'>ἡ</span> <span class='ocrx_word' id='word_1_269' title='bbox 682 1716 774 1764; x_wconf 83' lang='grc' dir='ltr'><em>πρὸς</em></span> <span class='ocrx_word' id='word_1_270' title='bbox 790 1715 920 1764; x_wconf 82' lang='grc' dir='ltr'><em>ὀλίγον</em></span> <span class='ocrx_word' id='word_1_271' title='bbox 941 1713 1159 1763; x_wconf 85' lang='grc' dir='ltr'><em>φαινομένη.</em></span> 
     </span>
    </p>

    <p class='ocr_par' dir='ltr' id='par_1_22' title="bbox 95 1761 1705 1874">
     <span class='ocr_line' id='line_1_29' title="bbox 95 1761 1705 1820; baseline -0.006 -12"><span class='ocrx_word' id='word_1_272' title='bbox 95 1771 243 1820; x_wconf 76' lang='grc' dir='ltr'><em>αὔριονῑ</em></span> <span class='ocrx_word' id='word_1_273' title='bbox 272 1770 326 1806; x_wconf 86' lang='lat' dir='ltr'><strong>iV.</strong></span> <span class='ocrx_word' id='word_1_274' title='bbox 352 1771 399 1806; x_wconf 83' lang='lat'><em>13</em></span> <span class='ocrx_word' id='word_1_275' title='bbox 421 1771 587 1820; x_wconf 86' lang='grc' dir='ltr'><em>σήμερον</em></span> <span class='ocrx_word' id='word_1_276' title='bbox 606 1768 629 1818; x_wconf 75' lang='grc' dir='ltr'>ἢ</span> <span class='ocrx_word' id='word_1_277' title='bbox 649 1770 774 1819; x_wconf 72' lang='grc' dir='ltr'><em>αὔριον</em></span> <span class='ocrx_word' id='word_1_278' title='bbox 792 1768 1064 1818; x_wconf 89' lang='grc' dir='ltr'><em>πορευσόμεθα,</em></span> <span class='ocrx_word' id='word_1_279' title='bbox 1086 1767 1137 1804; x_wconf 83' lang='lat' dir='ltr'><strong>iv.</strong></span> <span class='ocrx_word' id='word_1_280' title='bbox 1166 1766 1213 1802; x_wconf 83' lang='lat'><em>14</em></span> <span class='ocrx_word' id='word_1_281' title='bbox 1243 1765 1373 1804; x_wconf 81' lang='grc' dir='ltr'><em>οἵτινες</em></span> <span class='ocrx_word' id='word_1_282' title='bbox 1400 1765 1464 1801; x_wconf 75' lang='grc' dir='ltr'><em>οὔκ</em></span> <span class='ocrx_word' id='word_1_283' title='bbox 1498 1761 1705 1800; x_wconf 85' lang='grc' dir='ltr'><em>ἐπίστασθε</em></span> 
     </span>
     <span class='ocr_line' id='line_1_30' title="bbox 205 1825 487 1874; baseline -0.004 -12"><span class='ocrx_word' id='word_1_284' title='bbox 205 1825 248 1862; x_wconf 88' lang='grc' dir='ltr'><em>τὸ</em></span> <span class='ocrx_word' id='word_1_285' title='bbox 267 1826 332 1873; x_wconf 84' lang='grc' dir='ltr'><em>τῆς</em></span> <span class='ocrx_word' id='word_1_286' title='bbox 351 1825 487 1874; x_wconf 66' lang='grc' dir='ltr'><em>αὔριον.</em></span> 
     </span>
    </p>

    <p class='ocr_par' dir='ltr' id='par_1_23' title="bbox 97 1870 1704 2145">
     <span class='ocr_line' id='line_1_31' title="bbox 97 1870 1704 1928; baseline -0.007 -12"><span class='ocrx_word' id='word_1_287' title='bbox 97 1879 230 1919; x_wconf 73' lang='grc' dir='ltr'><em>αὐτόςε</em></span> <span class='ocrx_word' id='word_1_288' title='bbox 263 1878 439 1928; x_wconf 80' lang='lat' dir='ltr'>(oblique</span> <span class='ocrx_word' id='word_1_289' title='bbox 459 1878 648 1914; x_wconf 75' lang='lat' dir='ltr'>case=L</span> <span class='ocrx_word' id='word_1_290' title='bbox 666 1877 717 1927; x_wconf 77' lang='lat' dir='ltr'><em>is)</em></span> <span class='ocrx_word' id='word_1_291' title='bbox 734 1878 758 1914; x_wconf 92' lang='lat' dir='ltr'><strong>i.</strong></span> <span class='ocrx_word' id='word_1_292' title='bbox 775 1877 811 1921; x_wconf 86' lang='lat'>5,</span> <span class='ocrx_word' id='word_1_293' title='bbox 834 1877 870 1920; x_wconf 78' lang='lat'>8,</span> <span class='ocrx_word' id='word_1_294' title='bbox 894 1877 929 1921; x_wconf 81' lang='lat'>9,</span> <span class='ocrx_word' id='word_1_295' title='bbox 954 1876 1014 1920; x_wconf 90' lang='grc'><em>10,</em></span> <span class='ocrx_word' id='word_1_296' title='bbox 1035 1876 1096 1920; x_wconf 92' lang='grc'><em>11,</em></span> <span class='ocrx_word' id='word_1_297' title='bbox 1115 1875 1176 1917; x_wconf 82' lang='grc'><em>18,</em></span> <span class='ocrx_word' id='word_1_298' title='bbox 1192 1875 1253 1919; x_wconf 79' lang='lat'>23,</span> <span class='ocrx_word' id='word_1_299' title='bbox 1275 1874 1336 1917; x_wconf 81' lang='lat'>25,</span> <span class='ocrx_word' id='word_1_300' title='bbox 1352 1873 1391 1909; x_wconf 82' lang='lat' dir='ltr'><strong>ii.</strong></span> <span class='ocrx_word' id='word_1_301' title='bbox 1416 1872 1452 1915; x_wconf 85' lang='lat'>5,</span> <span class='ocrx_word' id='word_1_302' title='bbox 1478 1871 1538 1916; x_wconf 76' lang='lat'>14,</span> <span class='ocrx_word' id='word_1_303' title='bbox 1561 1871 1621 1915; x_wconf 82' lang='lat'><em>16,</em></span> <span class='ocrx_word' id='word_1_304' title='bbox 1642 1870 1704 1912; x_wconf 68' lang='lat'>21,</span> 
     </span>
     <span class='ocr_line' id='line_1_32' title="bbox 208 1926 1702 1977; baseline -0.007 -8"><span class='ocrx_word' id='word_1_305' title='bbox 208 1933 270 1977; x_wconf 85' lang='grc'>22,</span> <span class='ocrx_word' id='word_1_306' title='bbox 298 1933 361 1977; x_wconf 80' lang='grc'>23,</span> <span class='ocrx_word' id='word_1_307' title='bbox 386 1932 441 1969; x_wconf 80' lang='lat' dir='ltr'><strong>iii.</strong></span> <span class='ocrx_word' id='word_1_308' title='bbox 466 1933 500 1976; x_wconf 82' lang='grc'>3,</span> <span class='ocrx_word' id='word_1_309' title='bbox 525 1932 560 1977; x_wconf 84' lang='grc'>9,</span> <span class='ocrx_word' id='word_1_310' title='bbox 585 1932 646 1977; x_wconf 85' lang='grc'><em>13,</em></span> <span class='ocrx_word' id='word_1_311' title='bbox 667 1933 720 1968; x_wconf 88' lang='lat' dir='ltr'><strong>iV.</strong></span> <span class='ocrx_word' id='word_1_312' title='bbox 747 1932 807 1975; x_wconf 95' lang='grc'><em>11,</em></span> <span class='ocrx_word' id='word_1_313' title='bbox 832 1932 893 1975; x_wconf 75' lang='grc'><em>17,</em></span> <span class='ocrx_word' id='word_1_314' title='bbox 926 1943 963 1966; x_wconf 90' lang='lat' dir='ltr'><em>V.</em></span> <span class='ocrx_word' id='word_1_315' title='bbox 998 1930 1033 1976; x_wconf 85' lang='lat'>3,</span> <span class='ocrx_word' id='word_1_316' title='bbox 1064 1929 1101 1975; x_wconf 83' lang='lat'>7,</span> <span class='ocrx_word' id='word_1_317' title='bbox 1135 1929 1195 1975; x_wconf 82' lang='lat'><em>14,</em></span> <span class='ocrx_word' id='word_1_318' title='bbox 1228 1929 1290 1971; x_wconf 91' lang='grc'><em>15,</em></span> <span class='ocrx_word' id='word_1_319' title='bbox 1321 1928 1382 1971; x_wconf 82' lang='grc'><em>18,</em></span> <span class='ocrx_word' id='word_1_320' title='bbox 1414 1927 1474 1968; x_wconf 80' lang='grc'><em>19,</em></span> <span class='ocrx_word' id='word_1_321' title='bbox 1498 1926 1560 1966; x_wconf 85' lang='grc'>20,</span> <span class='ocrx_word' id='word_1_322' title='bbox 1583 1936 1646 1960; x_wconf 73' lang='lat' dir='ltr'><em>see</em></span> <span class='ocrx_word' id='word_1_323' title='bbox 1667 1936 1702 1972; x_wconf 84' lang='lat' dir='ltr'><strong>p.</strong></span> 
     </span>
     <span class='ocr_line' id='line_1_33' title="bbox 206 1981 1483 2035; baseline -0.005 -12"><span class='ocrx_word' id='word_1_324' title='bbox 206 1999 316 2031; x_wconf 80' lang='lat' dir='ltr'>cxcv,</span> <span class='ocrx_word' id='word_1_325' title='bbox 338 1987 513 2023; x_wconf 77' lang='lat' dir='ltr'>clxxxix.</span> <span class='ocrx_word' id='word_1_326' title='bbox 571 1986 649 2022; x_wconf 81' lang='lat' dir='ltr'><em>For</em></span> <span class='ocrx_word' id='word_1_327' title='bbox 669 1985 845 2035; x_wconf 72' lang='lat' dir='ltr'>position</span> <span class='ocrx_word' id='word_1_328' title='bbox 866 1984 907 2021; x_wconf 83' lang='lat' dir='ltr'><em>of</em></span> <span class='ocrx_word' id='word_1_329' title='bbox 926 1997 1014 2034; x_wconf 85' lang='lat' dir='ltr'><strong>gen.</strong></span> <span class='ocrx_word' id='word_1_330' title='bbox 1037 1996 1101 2020; x_wconf 82' lang='lat' dir='ltr'><em>see</em></span> <span class='ocrx_word' id='word_1_331' title='bbox 1120 1995 1183 2032; x_wconf 89' lang='lat' dir='ltr'><strong>pp.</strong></span> <span class='ocrx_word' id='word_1_332' title='bbox 1207 1981 1396 2025; x_wconf 74' lang='lat' dir='ltr'>clxxxvii,</span> <span class='ocrx_word' id='word_1_333' title='bbox 1421 1981 1483 2017; x_wconf 84' lang='lat'>61.</span> 
     </span>
     <span class='ocr_line' id='line_1_34' title="bbox 210 2037 1194 2091; baseline -0.003 -15"><span class='ocrx_word' id='word_1_334' title='bbox 210 2039 575 2091; x_wconf 67' lang='lat' dir='ltr'><strong>(nominative=L.</strong></span> <span class='ocrx_word' id='word_1_335' title='bbox 597 2038 694 2089; x_wconf 71' lang='lat' dir='ltr'><strong>ipse)</strong></span> <span class='ocrx_word' id='word_1_336' title='bbox 715 2040 739 2076; x_wconf 83' lang='lat' dir='ltr'><strong>i.</strong></span> <span class='ocrx_word' id='word_1_337' title='bbox 765 2040 826 2083; x_wconf 83' lang='lat'><em>13,</em></span> <span class='ocrx_word' id='word_1_338' title='bbox 848 2039 887 2076; x_wconf 87' lang='lat' dir='ltr'><strong>ii.</strong></span> <span class='ocrx_word' id='word_1_339' title='bbox 912 2040 947 2082; x_wconf 88' lang='grc'>6,</span> <span class='ocrx_word' id='word_1_340' title='bbox 971 2037 1006 2082; x_wconf 84' lang='grc'>7,</span> <span class='ocrx_word' id='word_1_341' title='bbox 1028 2051 1064 2087; x_wconf 91' lang='lat' dir='ltr'><em>p.</em></span> <span class='ocrx_word' id='word_1_342' title='bbox 1086 2049 1194 2074; x_wconf 80' lang='lat' dir='ltr'><strong>CXCV.</strong></span> 
     </span>
     <span class='ocr_line' id='line_1_35' title="bbox 211 2093 1188 2145; baseline -0.005 -13"><span class='ocrx_word' id='word_1_343' title='bbox 211 2095 247 2145; x_wconf 86' lang='grc' dir='ltr'><em>(ὁ</em></span> <span class='ocrx_word' id='word_1_344' title='bbox 268 2095 420 2134; x_wconf 72' lang='grc' dir='ltr'><em>αὐτόςΞ</em></span> <span class='ocrx_word' id='word_1_345' title='bbox 434 2095 477 2131; x_wconf 92' lang='lat' dir='ltr'><em>L.</em></span> <span class='ocrx_word' id='word_1_346' title='bbox 499 2094 618 2144; x_wconf 64' lang='lat' dir='ltr'><em>idem)</em></span> <span class='ocrx_word' id='word_1_347' title='bbox 639 2094 694 2131; x_wconf 82' lang='lat' dir='ltr'><strong>iii.</strong></span> <span class='ocrx_word' id='word_1_348' title='bbox 721 2094 781 2140; x_wconf 89' lang='grc'><em>10,</em></span> <span class='ocrx_word' id='word_1_349' title='bbox 807 2094 870 2130; x_wconf 94' lang='grc'><em>11.</em></span> <span class='ocrx_word' id='word_1_350' title='bbox 927 2093 999 2129; x_wconf 82' lang='lat' dir='ltr'><em>See</em></span> <span class='ocrx_word' id='word_1_351' title='bbox 1022 2104 1057 2141; x_wconf 91' lang='lat' dir='ltr'><em>p.</em></span> <span class='ocrx_word' id='word_1_352' title='bbox 1079 2103 1188 2128; x_wconf 79' lang='lat' dir='ltr'>cxcv.</span> 
     </span>
    </p>

    <p class='ocr_par' dir='ltr' id='par_1_24' title="bbox 100 2146 1336 2198">
     <span class='ocr_line' id='line_1_36' title="bbox 100 2146 1336 2198; baseline -0.005 -11"><span class='ocrx_word' id='word_1_353' title='bbox 100 2151 213 2188; x_wconf 74' lang='grc' dir='ltr'><em>αὑτοῦ</em></span> <span class='ocrx_word' id='word_1_354' title='bbox 231 2164 237 2186; x_wconf 90' lang='grc'>;</span> <span class='ocrx_word' id='word_1_355' title='bbox 269 2152 340 2185; x_wconf 76' lang='lat' dir='ltr'><em>nob</em></span> <span class='ocrx_word' id='word_1_356' title='bbox 360 2149 594 2198; x_wconf 82' lang='lat' dir='ltr'>recognized</span> <span class='ocrx_word' id='word_1_357' title='bbox 616 2149 669 2198; x_wconf 83' lang='lat' dir='ltr'><em>by</em></span> <span class='ocrx_word' id='word_1_358' title='bbox 688 2148 758 2185; x_wconf 68' lang='lat' dir='ltr'><em>the</em></span> <span class='ocrx_word' id='word_1_359' title='bbox 779 2148 904 2184; x_wconf 68' lang='lat' dir='ltr'>latest</span> <span class='ocrx_word' id='word_1_360' title='bbox 923 2147 1086 2193; x_wconf 68' lang='lat' dir='ltr'>editors,</span> <span class='ocrx_word' id='word_1_361' title='bbox 1110 2157 1174 2182; x_wconf 81' lang='lat' dir='ltr'><em>see</em></span> <span class='ocrx_word' id='word_1_362' title='bbox 1195 2146 1336 2182; x_wconf 79' lang='grc' dir='ltr'><em>ἑαυτοῦ.</em></span> 
     </span>
    </p>

    <p class='ocr_par' dir='ltr' id='par_1_25' title="bbox 101 2197 1325 2254">
     <span class='ocr_line' id='line_1_37' title="bbox 101 2197 1325 2254; baseline -0.006 -12"><span class='ocrx_word' id='word_1_363' title='bbox 101 2218 131 2242; x_wconf 82' lang='grc'><em>6.</em></span> <span class='ocrx_word' id='word_1_364' title='bbox 154 2203 274 2254; x_wconf 81' lang='grc' dir='ltr'><em>αὖχέω</em></span> <span class='ocrx_word' id='word_1_365' title='bbox 291 2218 299 2242; x_wconf 87' lang='lat'><strong>:</strong></span> <span class='ocrx_word' id='word_1_366' title='bbox 332 2203 387 2240; x_wconf 81' lang='grc'><em>111.</em></span> <span class='ocrx_word' id='word_1_367' title='bbox 411 2204 433 2239; x_wconf 88' lang='grc'>5</span> <span class='ocrx_word' id='word_1_368' title='bbox 455 2205 478 2252; x_wconf 84' lang='grc' dir='ltr'>ἡ</span> <span class='ocrx_word' id='word_1_369' title='bbox 497 2205 661 2254; x_wconf 83' lang='grc' dir='ltr'><em>γλῶσσα</em></span> <span class='ocrx_word' id='word_1_370' title='bbox 679 2203 829 2252; x_wconf 83' lang='grc' dir='ltr'><em>μεγάλα</em></span> <span class='ocrx_word' id='word_1_371' title='bbox 849 2203 956 2252; x_wconf 78' lang='grc' dir='ltr'><em>αὐχεῖ</em></span> <span class='ocrx_word' id='word_1_372' title='bbox 973 2199 1042 2250; x_wconf 76' lang='grc' dir='ltr'><em>(αἶ.</em></span> <span class='ocrx_word' id='word_1_373' title='bbox 1064 2197 1325 2250; x_wconf 84' lang='grc' dir='ltr'><em>μεγαλαυχεῖ).</em></span> 
     </span>
    </p>

    <p class='ocr_par' dir='ltr' id='par_1_26' title="bbox 103 2249 1710 2360">
     <span class='ocr_line' id='line_1_38' title="bbox 103 2249 1710 2307; baseline -0.007 -12"><span class='ocrx_word' id='word_1_374' title='bbox 103 2258 294 2307; x_wconf 83' lang='grc' dir='ltr'><em>ἀφανίζω;</em></span> <span class='ocrx_word' id='word_1_375' title='bbox 324 2257 376 2294; x_wconf 86' lang='lat' dir='ltr'><strong>iv.</strong></span> <span class='ocrx_word' id='word_1_376' title='bbox 411 2258 459 2293; x_wconf 68' lang='lat'><em>14</em></span> <span class='ocrx_word' id='word_1_377' title='bbox 489 2257 597 2307; x_wconf 88' lang='grc' dir='ltr'><em>ἀτμίς</em></span> <span class='ocrx_word' id='word_1_378' title='bbox 628 2260 715 2295; x_wconf 87' lang='grc' dir='ltr'><em>ἐστε</em></span> <span class='ocrx_word' id='word_1_379' title='bbox 747 2257 770 2305; x_wconf 90' lang='grc' dir='ltr'>ἡ</span> <span class='ocrx_word' id='word_1_380' title='bbox 804 2256 897 2306; x_wconf 86' lang='grc' dir='ltr'><em>πρὸς</em></span> <span class='ocrx_word' id='word_1_381' title='bbox 927 2257 1059 2306; x_wconf 82' lang='grc' dir='ltr'><em>ὀλίγον</em></span> <span class='ocrx_word' id='word_1_382' title='bbox 1089 2253 1308 2302; x_wconf 83' lang='grc' dir='ltr'><em>φαινομένη,</em></span> <span class='ocrx_word' id='word_1_383' title='bbox 1331 2251 1457 2289; x_wconf 79' lang='grc' dir='ltr'><em>ἔπειτα</em></span> <span class='ocrx_word' id='word_1_384' title='bbox 1487 2249 1548 2286; x_wconf 80' lang='grc' dir='ltr'><em>καὶ</em></span> <span class='ocrx_word' id='word_1_385' title='bbox 1580 2252 1710 2297; x_wconf 84' lang='grc' dir='ltr'><em>ἀφανι-</em></span> 
     </span>
     <span class='ocr_line' id='line_1_39' title="bbox 211 2311 357 2360; baseline -0.007 -11"><span class='ocrx_word' id='word_1_386' title='bbox 211 2311 357 2360; x_wconf 79' lang='grc' dir='ltr'><em>ζομένη·</em></span> 
     </span>
    </p>

    <p class='ocr_par' dir='ltr' id='par_1_27' title="bbox 105 2361 1366 2415">
     <span class='ocr_line' id='line_1_40' title="bbox 105 2361 1366 2415; baseline -0.005 -12"><span class='ocrx_word' id='word_1_387' title='bbox 105 2366 264 2415; x_wconf 73' lang='grc' dir='ltr'><em>ἀφίημιί</em></span> <span class='ocrx_word' id='word_1_388' title='bbox 295 2379 332 2403; x_wconf 90' lang='lat' dir='ltr'><em>V.</em></span> <span class='ocrx_word' id='word_1_389' title='bbox 358 2365 405 2402; x_wconf 85' lang='lat'><em>15</em></span> <span class='ocrx_word' id='word_1_390' title='bbox 429 2364 496 2403; x_wconf 81' lang='grc' dir='ltr'><em>κᾶν</em></span> <span class='ocrx_word' id='word_1_391' title='bbox 516 2364 698 2415; x_wconf 80' lang='grc' dir='ltr'><em>ἁμαρτίας</em></span> <span class='ocrx_word' id='word_1_392' title='bbox 718 2363 742 2415; x_wconf 76' lang='grc' dir='ltr'><em>ᾗ</em></span> <span class='ocrx_word' id='word_1_393' title='bbox 761 2364 982 2412; x_wconf 85' lang='grc' dir='ltr'><em>πεποιηκὼς,</em></span> <span class='ocrx_word' id='word_1_394' title='bbox 1004 2362 1238 2411; x_wconf 86' lang='grc' dir='ltr'><em>ἀφεθήσεται</em></span> <span class='ocrx_word' id='word_1_395' title='bbox 1258 2361 1366 2410; x_wconf 75' lang='grc' dir='ltr'><em>αὐτῷ.</em></span> 
     </span>
    </p>

    <p class='ocr_par' dir='ltr' id='par_1_28' title="bbox 105 2410 1654 2470">
     <span class='ocr_line' id='line_1_41' title="bbox 105 2410 1654 2470; baseline -0.008 -9"><span class='ocrx_word' id='word_1_396' title='bbox 105 2433 166 2458; x_wconf 76' lang='grc'>0-6·</span> <span class='ocrx_word' id='word_1_397' title='bbox 190 2420 409 2470; x_wconf 82' lang='grc' dir='ltr'><em>ἇφυστερέω</em></span> <span class='ocrx_word' id='word_1_398' title='bbox 427 2435 435 2459; x_wconf 86' lang='lat'><strong>:</strong></span> <span class='ocrx_word' id='word_1_399' title='bbox 468 2433 505 2456; x_wconf 91' lang='lat' dir='ltr'><em>V.</em></span> <span class='ocrx_word' id='word_1_400' title='bbox 529 2421 552 2456; x_wconf 84' lang='lat'>4</span> <span class='ocrx_word' id='word_1_401' title='bbox 574 2421 594 2457; x_wconf 86' lang='grc' dir='ltr'><em>ὃ</em></span> <span class='ocrx_word' id='word_1_402' title='bbox 613 2419 750 2469; x_wconf 88' lang='grc' dir='ltr'><em>μισθὸς</em></span> <span class='ocrx_word' id='word_1_403' title='bbox 771 2420 790 2456; x_wconf 85' lang='grc' dir='ltr'>ὁ</span> <span class='ocrx_word' id='word_1_404' title='bbox 810 2416 1118 2468; x_wconf 85' lang='grc' dir='ltr'><em>ἀφυστερημένος</em></span> <span class='ocrx_word' id='word_1_405' title='bbox 1137 2416 1272 2465; x_wconf 82' lang='grc' dir='ltr'><em>κράζει.</em></span> <span class='ocrx_word' id='word_1_406' title='bbox 1331 2414 1403 2451; x_wconf 79' lang='lat' dir='ltr'><em>See</em></span> <span class='ocrx_word' id='word_1_407' title='bbox 1424 2410 1654 2460; x_wconf 85' lang='grc' dir='ltr'><em>ἀποστερέω.</em></span> 
     </span>
    </p>
   </div>
   <div class='ocr_carea' id='block_1_3' title="bbox 892 2517 923 2551">
    <p class='ocr_par' dir='ltr' id='par_1_29' title="bbox 892 2517 923 2551">
     <span class='ocr_line' id='line_1_42' title="bbox 892 2517 923 2551; baseline 0 0"><span class='ocrx_word' id='word_1_408' title='bbox 892 2517 923 2551; x_wconf 83' lang='grc' dir='ltr'>Β</span> 
     </span>
    </p>
   </div>
   <div class='ocr_carea' id='block_1_4' title="bbox 108 2580 1729 2962">
    <p class='ocr_par' dir='ltr' id='par_1_30' title="bbox 108 2580 1498 2638">
     <span class='ocr_line' id='line_1_43' title="bbox 108 2580 1498 2638; baseline -0.009 -11"><span class='ocrx_word' id='word_1_409' title='bbox 108 2589 271 2638; x_wconf 72' lang='grc' dir='ltr'><em>βάλλωῑ</em></span> <span class='ocrx_word' id='word_1_410' title='bbox 300 2586 353 2624; x_wconf 81' lang='lat' dir='ltr'><strong>iii.</strong></span> <span class='ocrx_word' id='word_1_411' title='bbox 379 2587 401 2623; x_wconf 84' lang='lat'><strong>3</strong></span> <span class='ocrx_word' id='word_1_412' title='bbox 422 2589 494 2624; x_wconf 83' lang='grc' dir='ltr'><em>τῶν</em></span> <span class='ocrx_word' id='word_1_413' title='bbox 516 2586 637 2624; x_wconf 77' lang='grc' dir='ltr'><em>ἵππων</em></span> <span class='ocrx_word' id='word_1_414' title='bbox 655 2585 742 2626; x_wconf 77' lang='grc' dir='ltr'><em>τοὺς</em></span> <span class='ocrx_word' id='word_1_415' title='bbox 760 2585 939 2636; x_wconf 83' lang='grc' dir='ltr'><em>χαλινοὺς</em></span> <span class='ocrx_word' id='word_1_416' title='bbox 959 2585 1009 2623; x_wconf 84' lang='grc' dir='ltr'><em>εἷς</em></span> <span class='ocrx_word' id='word_1_417' title='bbox 1027 2584 1074 2621; x_wconf 78' lang='grc' dir='ltr'><em>τὸ.</em></span> <span class='ocrx_word' id='word_1_418' title='bbox 1094 2582 1268 2632; x_wconf 86' lang='grc' dir='ltr'><em>στόματα</em></span> <span class='ocrx_word' id='word_1_419' title='bbox 1287 2580 1498 2629; x_wconf 83' lang='grc' dir='ltr'><em>βάλλομεν.</em></span> 
     </span>
    </p>

    <p class='ocr_par' dir='ltr' id='par_1_31' title="bbox 109 2632 1722 2733">
     <span class='ocr_line' id='line_1_44' title="bbox 109 2632 1722 2691; baseline -0.009 -11"><span class='ocrx_word' id='word_1_420' title='bbox 109 2642 314 2691; x_wconf 76' lang='grc' dir='ltr'><em>βασιλείαῑ</em></span> <span class='ocrx_word' id='word_1_421' title='bbox 350 2641 391 2678; x_wconf 86' lang='lat' dir='ltr'><strong>ii.</strong></span> <span class='ocrx_word' id='word_1_422' title='bbox 414 2640 436 2677; x_wconf 89' lang='lat'>5</span> <span class='ocrx_word' id='word_1_423' title='bbox 459 2641 715 2690; x_wconf 87' lang='grc' dir='ltr'><em>κληρονόμους</em></span> <span class='ocrx_word' id='word_1_424' title='bbox 734 2642 799 2689; x_wconf 83' lang='grc' dir='ltr'><em>τῆς</em></span> <span class='ocrx_word' id='word_1_425' title='bbox 817 2638 1022 2688; x_wconf 87' lang='grc' dir='ltr'><em>βασιλείας</em></span> <span class='ocrx_word' id='word_1_426' title='bbox 1054 2637 1098 2687; x_wconf 82' lang='grc' dir='ltr'><em>ἧς</em></span> <span class='ocrx_word' id='word_1_427' title='bbox 1129 2635 1383 2687; x_wconf 76' lang='grc' dir='ltr'><em>ἐπηγγείλατο</em></span> <span class='ocrx_word' id='word_1_428' title='bbox 1416 2634 1495 2673; x_wconf 79' lang='grc' dir='ltr'><em>τοῖς</em></span> <span class='ocrx_word' id='word_1_429' title='bbox 1525 2632 1722 2679; x_wconf 68' lang='grc' dir='ltr'><em>ἀγαπῶσιν</em></span> 
     </span>
     <span class='ocr_line' id='line_1_45' title="bbox 219 2695 339 2733; baseline -0.017 0"><span class='ocrx_word' id='word_1_430' title='bbox 219 2695 339 2733; x_wconf 78' lang='grc' dir='ltr'><em>αὐτόν.</em></span> 
     </span>
    </p>

    <p class='ocr_par' dir='ltr' id='par_1_32' title="bbox 111 2746 978 2801">
     <span class='ocr_line' id='line_1_46' title="bbox 111 2746 978 2801; baseline -0.007 -12"><span class='ocrx_word' id='word_1_431' title='bbox 111 2749 337 2801; x_wconf 74' lang='grc' dir='ltr'><em>βασιλικόςῑ</em></span> <span class='ocrx_word' id='word_1_432' title='bbox 358 2748 399 2786; x_wconf 89' lang='grc'><em>11.</em></span> <span class='ocrx_word' id='word_1_433' title='bbox 423 2749 446 2785; x_wconf 85' lang='grc'>8</span> <span class='ocrx_word' id='word_1_434' title='bbox 466 2749 582 2798; x_wconf 88' lang='grc' dir='ltr'><em>νόμον</em></span> <span class='ocrx_word' id='word_1_435' title='bbox 600 2750 743 2786; x_wconf 80' lang='grc' dir='ltr'><em>τελεῖτε</em></span> <span class='ocrx_word' id='word_1_436' title='bbox 761 2746 978 2796; x_wconf 82' lang='grc' dir='ltr'><em>βασιλικόν.</em></span> 
     </span>
    </p>

    <p class='ocr_par' dir='ltr' id='par_1_33' title="bbox 111 2793 1627 2855">
     <span class='ocr_line' id='line_1_47' title="bbox 111 2793 1627 2855; baseline -0.01 -12"><span class='ocrx_word' id='word_1_437' title='bbox 111 2804 320 2855; x_wconf 85' lang='grc' dir='ltr'><em>βλαστάνω</em></span> <span class='ocrx_word' id='word_1_438' title='bbox 337 2816 344 2840; x_wconf 86' lang='lat'>:</span> <span class='ocrx_word' id='word_1_439' title='bbox 374 2815 414 2840; x_wconf 87' lang='lat' dir='ltr'><strong>v.</strong></span> <span class='ocrx_word' id='word_1_440' title='bbox 439 2803 488 2839; x_wconf 85' lang='grc'>18</span> <span class='ocrx_word' id='word_1_441' title='bbox 509 2804 532 2851; x_wconf 88' lang='grc' dir='ltr'>ἡ</span> <span class='ocrx_word' id='word_1_442' title='bbox 553 2804 601 2853; x_wconf 87' lang='grc' dir='ltr'>γῆ</span> <span class='ocrx_word' id='word_1_443' title='bbox 623 2802 868 2851; x_wconf 85' lang='grc' dir='ltr'><em>ἐβλάστησεν</em></span> <span class='ocrx_word' id='word_1_444' title='bbox 889 2801 954 2838; x_wconf 81' lang='grc' dir='ltr'><em>τὸν</em></span> <span class='ocrx_word' id='word_1_445' title='bbox 975 2798 1117 2850; x_wconf 84' lang='grc' dir='ltr'><em>καρπὸν</em></span> <span class='ocrx_word' id='word_1_446' title='bbox 1136 2798 1257 2846; x_wconf 65' lang='grc' dir='ltr'><em>αὐτῆς.</em></span> <span class='ocrx_word' id='word_1_447' title='bbox 1316 2796 1388 2833; x_wconf 76' lang='lat' dir='ltr'><em>See</em></span> <span class='ocrx_word' id='word_1_448' title='bbox 1404 2809 1440 2845; x_wconf 88' lang='lat' dir='ltr'><em>p.</em></span> <span class='ocrx_word' id='word_1_449' title='bbox 1463 2793 1627 2831; x_wconf 71' lang='lat' dir='ltr'>clxxxii.</span> 
     </span>
    </p>

    <p class='ocr_par' dir='ltr' id='par_1_34' title="bbox 111 2846 1729 2962">
     <span class='ocr_line' id='line_1_48' title="bbox 111 2846 1729 2909; baseline -0.009 -12"><span class='ocrx_word' id='word_1_450' title='bbox 111 2857 380 2909; x_wconf 84' lang='grc' dir='ltr'><em>βλασφημέω;</em></span> <span class='ocrx_word' id='word_1_451' title='bbox 412 2856 451 2893; x_wconf 79' lang='lat' dir='ltr'><strong>ii.</strong></span> <span class='ocrx_word' id='word_1_452' title='bbox 491 2855 513 2895; x_wconf 82' lang='lat'><strong>7</strong></span> <span class='ocrx_word' id='word_1_453' title='bbox 550 2858 614 2894; x_wconf 79' lang='grc' dir='ltr'><em>οὐκ</em></span> <span class='ocrx_word' id='word_1_454' title='bbox 644 2857 750 2894; x_wconf 81' lang='grc' dir='ltr'><em>αὐτοὶ</em></span> <span class='ocrx_word' id='word_1_455' title='bbox 781 2856 1090 2904; x_wconf 75' lang='grc' dir='ltr'><em>βλασφημοῦσιν</em></span> <span class='ocrx_word' id='word_1_456' title='bbox 1115 2852 1158 2890; x_wconf 87' lang='grc' dir='ltr'><em>τὸ</em></span> <span class='ocrx_word' id='word_1_457' title='bbox 1188 2851 1303 2889; x_wconf 88' lang='grc' dir='ltr'><em>καλὸν</em></span> <span class='ocrx_word' id='word_1_458' title='bbox 1330 2850 1448 2899; x_wconf 88' lang='grc' dir='ltr'><em>ὄνομα</em></span> <span class='ocrx_word' id='word_1_459' title='bbox 1467 2848 1509 2886; x_wconf 89' lang='grc' dir='ltr'><em>τὸ</em></span> <span class='ocrx_word' id='word_1_460' title='bbox 1530 2846 1729 2894; x_wconf 84' lang='grc' dir='ltr'><em>ἐπικληθὲν</em></span> 
     </span>
     <span class='ocr_line' id='line_1_49' title="bbox 204 2911 1611 2962; baseline -0.007 -13"><span class='ocrx_word' id='word_1_461' title='bbox 204 2911 404 2962; x_wconf 12' lang='grc' dir='ltr'><em>*ἐφ’ὗμᾶςς</em></span> <span class='ocrx_word' id='word_1_462' title='bbox 434 2923 497 2948; x_wconf 83' lang='lat' dir='ltr'><em>see</em></span> <span class='ocrx_word' id='word_1_463' title='bbox 517 2923 552 2960; x_wconf 88' lang='lat' dir='ltr'><strong>p.</strong></span> <span class='ocrx_word' id='word_1_464' title='bbox 575 2911 716 2947; x_wconf 82' lang='lat' dir='ltr'>cxcvii.</span> <span class='ocrx_word' id='word_1_465' title='bbox 1606 2913 1611 2916; x_wconf 71' lang='grc'>’</span> 
     </span>
    </p>
   </div>
  </div>
 </body>
</html>
