1974 3298
211 186 286 220 ‘224
615 183 728 218 THE
757 181 984 218 EPISTLE
1013 181 1080 218 OF
1110 181 1180 218 ST.
1213 179 1395 217 JAMES

261 286 432 338 ἐπίγειος]
488 288 570 324 The
600 288 688 323 first
716 291 828 336 stage
857 286 898 322 in
927 287 995 323 the
1021 286 1235 322 antithesis
1255 289 1297 321 to
1318 285 1453 323 ἄνωθεν
1472 285 1732 336 κατερχομένη,
1752 283 1800 320 Cf.

212 343 383 379 Hermas
403 342 542 378 Mand.
563 342 615 377 ix.
641 342 685 378 11
709 342 732 389 ἡ
751 341 877 380 πίστις
897 341 1033 379 ἄνωθέν
1054 343 1134 378 ἐστι
1153 339 1252 388 παρὰ
1271 341 1337 376 τοῦ
1358 339 1575 388 Κυρίου...ἡ
1596 340 1634 376 δὲ
1649 338 1801 388 διψυχία

212 397 370 445 ἐπίγειον
407 395 549 443 πνεῦμά
578 398 659 432 ἐστι
687 395 787 443 παρὰ
811 397 876 431 τοῦ
905 394 1088 441 διαβόλου
1117 393 1326 441 distilicbly
1356 393 1559 429 borrowed
1587 393 1690 430 from
1720 392 1802 428 this

212 461 399 498 passage3
427 448 510 484 also
531 449 640 485 John
661 448 713 485 iii.
742 449 788 484 12
812 450 842 485 εἰ
861 449 906 485 τὰ
926 446 1069 498 ἐπίγεια
1089 447 1192 484 εἶπον
1211 448 1295 495 ὑμῖν
1321 446 1381 483 καὶ
1410 448 1451 483 οὐ
1479 447 1684 490 πιστεύετε,
1713 448 1801 489 πῶς,

211 502 274 540 ἐὰν
290 503 377 539 εἴπω
393 504 477 551 ὑμῖν
489 503 534 539 τὰ
549 500 758 551 ἐπουράνια,
775 502 1019 545 πιστεύσετε,·
1040 501 1140 537 Phil.
1160 500 1215 537 iii.
1236 501 1282 536 19
1301 501 1334 537 οῖ
1349 501 1395 537 τὰ
1410 498 1551 550 ἐπίγεια
1568 502 1799 550 φρονοῦντες,

214 557 258 593 il).
283 557 321 593 ii.
349 556 396 591 10
420 556 476 593 ἵνα
496 559 568 593 πᾶν
587 556 677 606 γόνυ
696 556 824 606 κάμψῃ
845 554 1068 604 ἐπουρανίων
1088 555 1148 592 καὶ
1160 553 1328 604 ε’πιγείων
1341 554 1401 590 καὶ
1416 554 1675 604 καταχθονίων,
1692 553 1799 589 Plut.

214 611 312 647 Alsor.
354 610 430 645 566
471 610 508 645 D
547 610 589 647 τὸ
627 608 788 659 ἐπίγειον
824 612 888 658 τῆς
926 611 1055 660 ψυχῆς.
1124 608 1238 644 Philo
1270 608 1342 657 (M.
1389 608 1421 644 1.
1458 621 1492 656 p.
1531 608 1579 644 49
1615 620 1665 644 on
1700 607 1798 644 Gen.

212 665 252 701 ii.
279 664 299 700 7
321 662 487 701 ἔπλασεν
507 664 526 700 ὁ
545 664 637 703 Θεὸς
655 664 720 701 τὸν
739 664 932 712 ἄνθρωπον
950 666 1040 714 χοῦν
1060 663 1132 700 ἀπὸ
1151 664 1215 710 τῆς
1234 664 1302 711 γῆς
1331 661 1390 698 καὶ
1420 659 1654 710 ἐνεφύσησεν
1681 663 1731 701 εἷς
1759 661 1801 698 τὸ

212 718 415 766 πρόσωπον
434 719 545 754 αὐτοῦ
564 718 680 766 πνοὴν
701 719 802 765 ζωῆς,
823 717 881 754 καὶ
903 715 1046 767 ἐγένετο
1066 718 1085 754 ὁ
1107 717 1296 764 ἅνθρωπος
1311 717 1360 755 εἷς
1375 715 1497 765 ψυχὴν
1512 714 1650 764 ζῶσαν)
1666 714 1805 751 distin-

213 770 373 820 guishes
394 775 474 807 two
495 771 614 807 kinds
634 770 674 807 Of
695 784 797 815 men,
820 772 839 808 ὁ
858 772 926 820 μὲν
944 771 1016 820 γάρ
1037 773 1139 807 ἐστιν
1159 770 1324 817 οὐράνιος
1343 769 1543 818 ἄνθρωπος,
1565 770 1585 806 ὃ
1615 768 1653 806 δὲ
1680 768 1806 818 γήϊνος

220 825 331 862 ...τὸν
358 826 424 873 μὲν
445 825 611 873 οὐράνιόν
631 829 749 873 φησιν
769 826 811 862 οὐ
830 825 1057 867 πεπλάσθαι,
1081 825 1158 861 κατ’
1180 823 1299 860 εἰκόνα
1320 822 1358 859 δὲ
1376 823 1609 861 τετυπῶσθαι
1627 824 1732 860 Θεοῦ·
1762 822 1804 858 τὸ

213 878 253 916 δὲ
273 879 399 928 γήϊνον
418 879 654 927 πλάσμα...ὃ
675 878 712 915 δὲ
731 881 813 918 νοῦς
833 877 939 917 οὗτος
956 877 1093 928 γεώδης
1112 876 1195 915 ε’στὶ
1214 879 1264 927 τῷ
1284 877 1361 914 ὄντι
1380 876 1635 926 καὶζφθαρτός,
1660 877 1690 913 εἷ
1708 876 1760 924 μὴ
1786 877 1805 912 ὁ

207 933 305 972 ’Θεὸς
325 931 546 970 ἐπέπνευσεν
565 934 661 982 αὑτῷ
682 931 833 980 δύναμιν
852 932 1027 980 ἀληθινῆς
1046 933 1146 980 ζωῆς,
1170 943 1232 967 see
1252 930 1300 967 ib.
1324 943 1360 979 p.
1384 931 1444 968 32.
1504 930 1560 966 St.
1584 930 1684 966 Paul
1714 941 1803 965 uses

215 986 286 1023 the
306 986 538 1035 equivalent
556 986 682 1036 χοϊκός
704 986 720 1021 1
747 986 833 1022 Cor.
856 998 920 1022 xv.
945 985 994 1023 47
1016 984 1096 1022 foll.
1155 985 1238 1021 The
1264 984 1430 1020 Gnostic
1458 983 1703 1020 Valentinus
1732 982 1805 1019 dis-

215 1040 446 1088 tinguished
474 1040 652 1076 between
683 1052 734 1075 an
765 1040 838 1076 ἄνω
868 1039 947 1075 and
981 1039 1077 1076 κάτω
1107 1039 1240 1087 σοφία,
1269 1037 1349 1074 and
1378 1037 1499 1086 again
1528 1038 1708 1074 between
1736 1036 1805 1072 the

218 1094 351 1142 φύσεις
383 1092 626 1142 πνευματικαί
655 1093 752 1129 akin
781 1098 823 1129 to
853 1093 922 1129 the
952 1092 1146 1137 Pleroma,
1178 1092 1312 1139 φύσεις
1341 1091 1496 1142 ψυχικαί
1520 1090 1755 1140 containing
1783 1103 1807 1126 a

218 1148 392 1183 mixture
413 1147 453 1182 of
473 1148 555 1193 ὕλη,
577 1146 655 1182 and
676 1147 746 1183 the
767 1147 900 1195 φύσεις
920 1146 1049 1182 which
1071 1158 1172 1182 were
1192 1146 1416 1194 altogether
1442 1145 1568 1182 ὑλικαί
1593 1143 1716 1193 (Iren.
1749 1144 1804 1180 iii.

220 1200 297 1248 15),
320 1213 382 1237 see
402 1200 601 1244 Neander,
632 1200 708 1236 vol.
739 1201 777 1237 ii.
810 1213 872 1249 pp.
908 1200 1101 1236 llo-145.
1161 1199 1211 1236 So
1240 1199 1487 1248 Hippolytus
1517 1212 1555 1234 v.
1588 1199 1610 1234 6
1643 1197 1694 1248 (p.
1730 1197 1805 1234 134

218 1253 426 1301 Duncker)
442 1266 533 1302 says
548 1253 589 1290 of
609 1254 678 1290 the
698 1253 936 1297 Naassenes,
952 1253 1039 1289 who
1052 1252 1255 1299 professed
1271 1257 1314 1288 to
1330 1253 1482 1289 receive
1498 1252 1604 1289 their
1620 1251 1808 1299 teaching

218 1308 319 1344 from
341 1307 397 1343 St.
426 1307 573 1351 James,
607 1311 615 1327 ‘
632 1308 729 1356 they
758 1306 888 1343 divide
917 1307 987 1343 the
1016 1307 1104 1343 first
1133 1319 1226 1342 man
1256 1307 1342 1342 into
1371 1306 1485 1343 three
1514 1309 1639 1354 parts,
1670 1305 1808 1355 νοερόν,

218 1361 384 1411 ψυχικόν,
406 1361 556 1410 χοϊκόν;
586 1360 629 1396 in
657 1360 739 1397 like
768 1373 934 1397 manner
962 1361 1059 1408 they
1079 1360 1212 1397 divide
1241 1359 1295 1395 all
1323 1360 1414 1396 that
1437 1360 1560 1396 exists
1590 1359 1676 1396 into
1695 1359 1808 1395 three

218 1415 372 1457 classes,
408 1414 617 1464 ἀγγελικόν,
653 1415 809 1464 ψυχικόν
836 1414 914 1450 and
943 1413 1094 1464 χοϊκόν.’
1152 1413 1378 1450 Heracleon
1406 1427 1467 1462 ap.
1501 1413 1610 1462 Orig.
1643 1413 1697 1449 xi.
1732 1413 1803 1449 181

218 1467 381 1517 (quoted
402 1468 455 1516 by
476 1468 633 1504 Stieren
653 1481 704 1504 on
725 1468 832 1504 Iren.
855 1467 930 1503 vol.
953 1469 977 1504 1'.
1001 1481 1036 1516 p.
1061 1466 1155 1516 945)
1176 1467 1318 1516 speaks
1333 1467 1374 1503 of
1394 1467 1463 1504 the
1483 1467 1592 1515 Holy
1608 1466 1648 1503 of
1668 1466 1811 1503 Holies

217 1534 260 1557 as
280 1521 556 1570 representing
576 1522 646 1557 the
665 1521 807 1570 sphere
826 1520 867 1557 of
886 1522 956 1557 the
984 1521 1225 1569 πνευματικοί
1248 1520 1327 1556 and
1357 1520 1426 1557 the
1455 1532 1571 1557 outer
1598 1524 1713 1557 court
1742 1520 1811 1556 the

218 1575 376 1625 ψυχικοί,
408 1574 457 1611 cf.
488 1575 595 1612 Iren.
626 1575 650 1610 i.
682 1589 718 1624 p.
751 1575 827 1611 968
860 1575 998 1611 ‘when
1025 1575 1146 1612 Jesus
1176 1574 1260 1610 said
1289 1577 1331 1610 to
1360 1574 1429 1611 the
1458 1574 1566 1610 Jews
1594 1586 1638 1622 ye
1666 1586 1732 1610 are
1752 1574 1810 1610 tlte

220 1629 388 1665 children
408 1627 456 1674 of
466 1628 713 1676 yona-father
732 1629 790 1665 the
810 1628 921 1674 davil,
944 1629 992 1664 he
1012 1628 1155 1677 speaks
1184 1632 1226 1664 to
1255 1627 1368 1664 those
1396 1628 1485 1664 who
1514 1640 1582 1664 are
1602 1631 1674 1664 not
1695 1627 1810 1676 φύσει

218 1682 302 1722 τοὺς
322 1682 504 1730 διαβόλου
523 1683 632 1726 υἱούς,
653 1682 738 1722 τοὺς
756 1682 915 1733 χοίκούς,
938 1683 1039 1719 ἀλλὰ
1057 1682 1149 1731 πρὸς
1168 1682 1253 1721 τοὺς
1265 1682 1441 1732 ψυχικούς
1453 1681 1540 1717 who
1556 1681 1673 1718 make
1688 1682 1812 1717 them-

219 1737 346 1773 selves
367 1736 463 1772 such
483 1737 536 1785 by
557 1736 662 1773 their
682 1749 770 1772 own
791 1735 921 1780 fault,'
945 1736 1064 1773 Olem.
1092 1736 1155 1772 Al.
1176 1736 1272 1772 Eaec.
1296 1748 1341 1771 ea:
1372 1735 1507 1772 leeod.
1539 1735 1561 1780 ξ
1592 1735 1643 1771 54
1676 1738 1684 1754 ‘
1699 1735 1812 1771 three

220 1794 384 1826 natures
404 1790 542 1839 spring
562 1790 666 1826 from
685 1790 828 1835 Adam,
851 1789 977 1838 πρώτη
996 1791 1064 1838 μὲν
1081 1791 1104 1838 ἡ
1134 1790 1283 1839 ἄλογος,
1313 1788 1357 1837 ἧς
1384 1788 1429 1837 ἦν
1459 1788 1567 1833 Καΐν,
1598 1788 1747 1838 δευτέρα
1776 1787 1813 1825 δὲ

219 1845 241 1892 ἡ
261 1844 396 1894 λογικὴ
416 1844 475 1880 καὶ
495 1845 517 1891 ἡ
538 1842 668 1888 δικαία,
689 1843 732 1892 ἧς
750 1843 795 1892 ἦν
809 1842 946 1890 ”Αβελ,
968 1843 1072 1892 τρίτη
1092 1843 1130 1880 δὲ
1149 1844 1172 1891 ἡ
1193 1843 1430 1891 πνευματική,
1451 1842 1494 1891 ἧς
1513 1842 1558 1890 ἢν
1582 1843 1672 1891 Σήθ·
1704 1842 1764 1879 καὶ
1792 1843 1812 1878 ὁ

219 1899 286 1946 μὲν
304 1898 429 1948 χοϊκός
449 1900 530 1935 ἐστι
551 1897 628 1935 κατ’
652 1898 784 1941 εἰκόνα,
806 1899 825 1935 ὁ
846 1897 883 1935 δὲ
903 1897 1057 1948 ψυχικὸς
1077 1898 1156 1935 καθ’
1173 1897 1351 1945 ὁμοίωσιν
1363 1899 1468 1941 Θεοῦ,
1485 1897 1504 1934 ὁ
1521 1896 1558 1933 δὲ
1571 1912 1814 1945 πνευματικος

220 1952 298 1988 κατ’
321 1951 414 1988 ἰδίαν
434 1950 549 2001 (ἰδέαν
561 1950 613 2001 2),'
634 1951 682 1988 ib.
705 1951 727 1996 ξ
749 1951 799 1988 56
820 1951 960 1989 πολλοὶ
979 1952 1046 2000 μὲν
1066 1952 1100 1988 οἷ
1119 1951 1251 1994 ὗλικοί,
1282 1952 1324 1988 οὗ
1353 1950 1493 1987 πολλοὶ
1521 1949 1559 1987 δὲ
1588 1951 1622 1987 οἱ
1651 1949 1811 2000 ψυχικοί,

212 2005 372 2042 σπάνιοι
391 2004 429 2042 δὲ
458 2006 492 2042 οἱ
520 2005 769 2054 πνευματικοί·
809 2005 852 2042 τὸ
871 2006 939 2054 μὲν
959 2004 1022 2042 οὖν
1040 2005 1284 2053 πνευματικὸν
1307 2004 1422 2053 φύσει
1451 2004 1672 2052 σωζόμενον,
1703 2003 1745 2040 τὸ
1775 2002 1813 2040 δὲ

214 2058 406 2108 ψυχικὸν..
419 2059 525 2096 κατὰ
543 2059 611 2107 τὴν
631 2059 767 2096 οἰκείαν
786 2059 939 2108 αἵρεσιν,
961 2059 1003 2096 τὸ
1024 2058 1062 2095 δὲ
1081 2058 1207 2096 ὑλικὸν
1227 2058 1341 2107 φύσει
1360 2057 1579 2095 ἀπόλλυται.

272 2110 436 2162 ψυχική]
495 2112 555 2149 On
584 2113 653 2148 the
680 2112 841 2148 various
870 2113 1076 2161 meanings
1105 2111 1291 2149 attached
1322 2115 1365 2147 to
1390 2111 1459 2147 the
1489 2110 1597 2147 word
1624 2109 1725 2159 ψυχή
1752 2122 1815 2146 see

223 2166 372 2209 Hatch,
390 2179 452 2215 pp.
472 2165 661 2202 94-130.1
700 2167 795 2202 This
809 2179 877 2203 use
893 2166 934 2202 of
953 2166 1022 2202 the
1038 2165 1235 2214 adjective
1254 2165 1288 2202 is
1308 2165 1351 2200 in
1370 2164 1606 2201 accordance
1625 2163 1725 2199 with
1745 2163 1815 2200 the

221 2219 389 2255 Pauline
410 2220 649 2268 trichotomy
670 2220 713 2257 τὸ
732 2222 875 2268 πνεῦμα
895 2220 955 2257 καὶ
974 2221 996 2268 ἡ
1018 2220 1118 2269 ψυχὴ
1138 2219 1198 2256 καὶ
1217 2219 1259 2256 τὸ
1279 2221 1388 2264 σῶμα
1402 2217 1439 2268 (1
1458 2218 1591 2255 Thess.
1607 2230 1644 2254 V.
1664 2216 1744 2266 23),
1761 2215 1810 2253 cf.

224 2274 241 2308 1
267 2272 352 2309 Cor.
375 2286 440 2309 XV.
464 2273 512 2309 45
536 2273 678 2323 ἐγένετο
698 2275 717 2310 ὂ
737 2276 880 2322 πρῶτος
899 2274 1090 2322 ἄνθρωπος
1109 2272 1229 2321 Ἀδὰμ
1250 2274 1299 2311 εἷς
1319 2272 1441 2322 ψυχὴν
1460 2274 1592 2319 ζῶσαν,
1615 2272 1634 2309 ὂ
1656 2270 1815 2321 ἔσχατος

221 2326 342 2374 Ἀδὰμ
363 2328 411 2366 εἷς
430 2329 572 2375 πνεῦμα
592 2329 802 2374 ζωοποιοῦν,
824 2327 910 2364 ἀλλ’
933 2329 974 2364 οὐ
993 2329 1138 2376 πρῶτον
1157 2326 1199 2363 τὸ
1218 2325 1461 2374 πνευματικὸν
1475 2326 1576 2362 ἀλλὰ
1589 2325 1632 2362 τὸ
1648 2324 1814 2374 ψυχικόν.

221 2380 272 2416 In
293 2381 361 2416 the
381 2380 511 2416 LXX.
534 2393 592 2417 we
612 2380 692 2416 find
712 2380 746 2416 it
770 2380 939 2429 opposed
968 2384 1010 2416 to
1037 2380 1256 2428 σωματικάς,
1285 2392 1330 2415 as
1357 2380 1399 2415 in
1430 2379 1553 2415 Maec.
1584 2379 1608 2415 i.
1643 2379 1703 2414 32.
1762 2377 1813 2413 In

216 2434 289 2470 *the
307 2433 401 2470 NT.
420 2434 573 2484 ψυχικάς
592 2438 781 2470 connotes
797 2434 1020 2483 opposition
1036 2438 1078 2470 to
1090 2434 1159 2470 the
1180 2433 1320 2481 higher
1339 2432 1545 2482 principle,
1565 2432 1614 2468 cf.
1638 2432 1665 2468 J
1669 2431 1743 2468 ude
1767 2431 1813 2468 19

265 2519 275 2538 1
300 2520 368 2551 The
385 2520 581 2560 ambiguous
598 2520 754 2561 meaning
771 2520 804 2551 of
819 2520 876 2551 the
893 2520 983 2550 word
999 2520 1089 2559 ψυχὴ
1106 2520 1141 2550 in
1157 2519 1239 2550 such
1256 2529 1409 2560 passages
1425 2529 1460 2549 as
1473 2519 1553 2552 Lev.
1569 2518 1648 2549 xvii.
1669 2519 1708 2549 14
1726 2520 1816 2558 ψυχὴ

222 2563 329 2600 πάσης
346 2564 464 2603 σαρκὸς
481 2562 566 2602 αἷμα,
588 2563 653 2594 and
670 2563 714 2594 its
730 2563 960 2604 employment
983 2563 1019 2593 in
1043 2563 1207 2593 reference
1230 2565 1265 2593 to
1291 2561 1433 2593 animals
1458 2561 1539 2594 Gen.
1566 2563 1587 2593 i.
1617 2563 1667 2598 20,
1692 2564 1741 2600 24,
1763 2573 1815 2593 are

221 2606 371 2638 adduced
388 2607 431 2647 by
450 2606 548 2637 Philo
564 2605 631 2637 and
647 2606 759 2637 others
774 2617 809 2637 as
827 2606 936 2647 proofs
952 2606 987 2637 of
1001 2605 1057 2636 the
1073 2605 1261 2645 inferiority
1274 2606 1309 2635 of
1324 2605 1392 2635 this
1409 2604 1582 2646 principle,
1597 2604 1636 2635 cf.
1657 2604 1753 2636 Philo
1765 2606 1812 2637 M.

222 2654 251 2688 1,
272 2661 302 2692 p.
327 2651 387 2680 480
406 2650 514 2687 ἐπειδὴ
532 2649 622 2689 ψυχὴ
640 2651 738 2689 διχῶς
762 2650 907 2689 λέγεται,
932 2649 951 2686 ἥ
968 2661 1006 2679 τε
1023 2649 1085 2685 ὅλη
1102 2650 1152 2679 καὶ
1170 2649 1209 2679 τὸ
1225 2649 1420 2687 ἡγεμονικὸν
1436 2649 1536 2685 αὐτῆς
1551 2647 1656 2688 μέρος,
1675 2648 1692 2678 ἲ)
1709 2650 1820 2688 ψυχῆς

223 2697 323 2730 ἐστιν,
346 2692 431 2731 ἔδοξε
447 2696 491 2732 τῷ
511 2692 664 2733 νομοθέτῃ
682 2694 800 2729 διπλῆν
817 2693 896 2723 εἶναι
913 2693 964 2723 καὶ
981 2693 1042 2729 τὴν
1057 2691 1168 2723 οὐσίαν
1183 2693 1243 2727 τῆς
1259 2693 1377 2730 ψυχῆς,
1397 2691 1474 2730 αἷμα
1496 2691 1556 2730 μὲν
1578 2692 1617 2721 τὸ
1641 2692 1701 2727 τῆς
1721 2692 1812 2730 ὅλης,

222 2739 280 2767 τοῦ
298 2735 331 2766 δὲ
348 2736 631 2775 ἡγεμονικωτάτου
647 2737 771 2774 πνεῦμα
788 2738 881 2766 θεῖον·
907 2736 987 2775 φησὶ
1004 2737 1085 2775 γοῦν
1101 2735 1248 2775 ἄντικρυς
1272 2735 1361 2774 ψυχὴ
1385 2734 1489 2771 πάσης
1511 2735 1630 2775 σαρκὸς
1646 2733 1730 2773 αἷμα.
1782 2734 1817 2765 εὖ

223 2793 261 2819 γε
279 2780 317 2810 τὸ
335 2781 522 2819 προσνεῖμαι
545 2782 591 2818 τῷ
617 2780 736 2819 σαρκὸς
754 2778 846 2818 ὄχλῳ
863 2779 924 2816 τὴν
941 2780 1074 2817 αἵματος
1091 2778 1239 2819 ἐπιρροὴν
1263 2778 1380 2808 οἰκεῖον
1404 2777 1520 2816 οἰκείῳ,
1539 2779 1597 2808 τοῦ
1622 2779 1655 2807 δε
1680 2780 1734 2808 νοῦ
1758 2779 1819 2815 τὴν

224 2823 334 2854 οὐσίαν
352 2823 413 2853 ἀπὸ
432 2824 513 2853 Θεοῦ
530 2822 648 2853 ἄνωθεν
665 2824 962 2853 καταπνευσθεῖσαν
979 2821 1274 2861 ἀνήγαγεν...ὥστε
1292 2821 1402 2851 διττὸν
1428 2820 1506 2851 εἶναι
1530 2820 1624 2860 ’γένος
1648 2820 1819 2861 ἀνθρώπων

224 2868 261 2896 τὸ
278 2866 336 2904 μὲν
355 2865 424 2905 θείῳ
441 2865 597 2905 πνεύματι
615 2866 665 2896 καὶ
683 2869 831 2905 λογισμῷ
848 2864 1016 2903 βιούντων,
1038 2865 1076 2895 τὸ
1094 2864 1128 2895 δὲ
1145 2865 1253 2904 αἵματι
1271 2864 1321 2895 καὶ
1340 2865 1458 2904 σαρκὸς
1473 2865 1569 2905 ἣδονῇ
1588 2862 1722 2902 ζώντων.
