1974 3298
599 234 938 271 APPARATUS
968 234 1226 271 CRITIOUS
1602 235 1718 272 cclvii

121 340 365 374 dilectissime.
417 338 446 372 si
477 342 599 372 autem
631 337 749 371 omnis
778 337 887 371 homo
917 337 1023 371 velox
1053 337 1098 371 ad
1125 337 1348 372 audiendum
1374 338 1499 373 tardus
1524 342 1646 373 autem
1671 338 1717 372 ad

124 385 346 432 loquendum
366 388 400 419 et
418 385 543 418 tardus
563 384 609 418 ad
630 385 722 418 iram
751 385 822 429 (20)
850 384 947 429 quod
971 384 1160 418 iracundia
1177 385 1275 418 enim
1294 385 1365 419 viri
1387 386 1570 430 justitiam
1589 385 1626 419 di
1643 397 1717 419 non

123 437 292 479 operatur
319 432 391 476 (21)
419 436 567 476 propter
591 431 689 477 quod
714 431 911 465 abicientes
937 442 1081 464 omnem
1108 431 1371 466 inmunditiam
1393 437 1428 466 et
1452 432 1716 467 abundantiam

123 480 282 515 malitiae
300 479 340 513 in
358 478 638 513 mansuetudine
653 478 823 523 suscipite
838 477 991 511 insitum
1006 478 1159 511 verbum
1173 478 1269 523 quod
1288 483 1407 524 potest
1424 480 1561 514 salvare
1579 479 1719 514 animas

123 531 268 561 vestras.
318 526 393 570 (22)
421 525 546 559 Estote
564 530 687 559 autem
711 524 862 559 factores
880 524 983 558 verbi
1009 528 1044 558 et
1068 536 1144 558 non
1169 525 1353 559 auditores
1378 530 1523 560 tantum
1550 525 1719 561 fallentes

123 577 262 609 vosmet
278 573 385 619 ipsos.
437 572 510 615 (23)
537 573 624 617 quia
641 572 671 606 si
688 572 770 617 quis
787 571 933 606 auditor
950 575 1004 605 est
1020 571 1121 605 verbi
1135 577 1170 605 et
1184 583 1255 605 11011
1271 572 1383 606 factor
1396 573 1454 606 hic
1469 573 1721 608 aestimabitur

124 621 202 655 viro
221 618 463 654 consideranti
480 619 627 653 vultum
645 619 853 653 nativitatis
877 630 961 653 suae
984 618 1023 652 111
1047 618 1202 663 speculo,
1259 620 1332 663 (24)
1361 620 1719 654 consideravitenim

125 680 159 702 se
177 671 212 702 et
229 667 319 701 abiit
332 666 454 700 statim
470 670 505 699 et
519 666 655 700 oblitus
668 670 721 700 est
734 665 853 711 qualis
866 665 994 700 fuerat.
1045 664 1123 711 (25)
1141 666 1205 710 qui
1219 670 1341 699 autem
1356 668 1539 711 perspexit
1552 667 1590 700 111
1604 667 1720 712 legem

125 714 324 760 perfectum
342 713 521 747 libertatis
535 718 570 747 et
582 714 823 759 permanserit
837 713 876 747 in
890 725 930 747 ea
943 724 1017 746 non
1030 713 1175 747 auditor
1189 712 1389 747 obliviosus
1404 712 1519 748 factus
1534 714 1595 748 sed
1608 715 1722 749 factor

125 762 242 808 operis
260 761 320 794 hic
338 760 499 795 salvatur
518 772 623 806 opere
641 772 717 794 suo.

173 808 224 842 II.
254 809 326 852 (14)
357 807 523 843 ...cordia
536 807 729 852 judicium.
781 807 872 852 quid
890 806 1053 852 proderit
1070 806 1197 841 fratres
1221 807 1251 840 si
1274 806 1383 841 fidem
1410 807 1492 852 quis
1517 819 1551 841 se
1578 808 1719 845 dicat...

126 867 200 890 non
216 855 337 889 habet.
386 854 569 899 numquid
583 854 814 890 fides...eum.
867 855 939 898 (15)
967 854 996 888 si
1014 858 1136 888 autem
1154 853 1266 888 frater
1283 858 1319 888 et
1335 858 1518 889 soror...et
1536 855 1725 900 indigeant

127 903 263 937 victum
282 901 483 948 quo...(16)
501 901 597 936 dicat
610 906 731 936 autem
746 901 892 946 aliquis.
902 930 907 936 .
917 901 1171 935 ‚calefacimini
1184 905 1221 935 et
1233 901 1449 935 saturamini
1463 913 1538 935 non
1553 901 1726 936 dederitis

127 956 248 984 autem
269 950 302 983 ei
323 960 415 994 quae
438 949 636 983 necessaria
660 953 746 983 sunt
772 949 913 994 corpori
938 948 1028 993 quid
1049 948 1221 994 proderit.
1275 949 1349 992 (17)
1376 948 1425 982 sic
1444 952 1479 982 et
1497 948 1585 982 fides
1603 949 1632 983 si
1650 961 1725 983 non

128 996 237 1031 habet
256 1007 364 1042 opera
381 1000 525 1030 mortua
543 1000 597 1030 est
614 996 653 1029 111
671 997 863 1041 semetipso
888 997 960 1040 (18)
986 995 1047 1030 sed
1071 995 1166 1029 dicet
1190 995 1272 1040 quis
1289 1000 1330 1030 tu
1349 995 1459 1029 fidem
1481 995 1591 1030 habes
1609 1001 1644 1030 et
1662 1008 1726 1042 ego

129 1055 235 1090 opera
252 1043 367 1077 liabeo
386 1042 533 1077 ostende
551 1042 644 1076 mihi
662 1043 771 1077 fidem
790 1047 891 1077 tuam
910 1043 987 1076 sine
1011 1042 1192 1086 operibus,
1243 1047 1278 1076 et
1301 1054 1366 1088 ego
1388 1043 1575 1077 ostendam
1594 1043 1664 1077 tibi
1682 1055 1725 1077 ex

128 1090 298 1136 operibus
324 1090 413 1124 meis
441 1090 550 1124 fidem
580 1101 707 1125 meam.
759 1091 832 1134 (19)
860 1094 901 1124 tu
930 1089 1049 1123 credes
1077 1090 1163 1134 quia
1192 1101 1288 1123 unus
1318 1095 1370 1124 est
1396 1089 1438 1125 ds
1463 1090 1554 1124 bene
1580 1090 1667 1125 facis
1693 1097 1728 1124 et

130 1137 319 1172 daemonia
353 1137 506 1171 credunt
539 1145 575 1171 et
609 1137 904 1172 contremiscunt.
956 1137 1030 1180 (20)
1058 1137 1124 1170 Vis
1153 1142 1275 1171 autem
1306 1138 1394 1171 scire
1425 1150 1444 1171 O
1473 1137 1583 1171 homo
1608 1137 1729 1171 inanis

129 1185 303 1230 quoniam
337 1184 425 1218 fides
459 1184 535 1218 sine
566 1184 735 1230 operibus
769 1185 882 1218 otiosa
911 1188 964 1218 est
997 1184 1068 1228 (21)
1101 1183 1273 1218 abraham
1304 1189 1407 1230 pater
1434 1189 1556 1219 noster
1583 1196 1658 1219 non
1685 1197 1729 1219 ex

131 1231 300 1278 operibus
329 1231 551 1276 justificatus
585 1236 639 1266 est
672 1231 824 1266 offerens
863 1232 935 1266 isac
971 1231 1093 1265 filium
1137 1232 1276 1277 (super)
1318 1232 1440 1266 altare.
1493 1232 1568 1277 (22)
1609 1231 1729 1266 Videte

131 1279 303 1325 quoniam
329 1278 417 1313 fides
445 1279 687 1324 (coope)ratur
712 1279 882 1325 operibus
907 1278 1010 1312 illius
1035 1283 1070 1312 et
1096 1290 1140 1312 ex
1165 1279 1367 1324 (oper)ibus
1390 1279 1462 1313 fide
1480 1284 1730 1314 consummata

131 1331 192 1361 est,
245 1326 319 1370 (23)
349 1325 546 1371 (sup)pleta
573 1330 626 1360 est
653 1326 832 1372 scriptura
858 1326 981 1360 dicens
1011 1325 1196 1370 (cre)didit
1223 1332 1345 1360 autem
1368 1326 1541 1361 abraham
1560 1327 1606 1361 do
1624 1338 1730 1372 repu-

132 1378 249 1408 tatum
283 1377 336 1407 est
367 1373 425 1406 illi
459 1372 505 1407 ad
535 1373 719 1417 justitiam
752 1373 923 1418 (ami)cus
961 1372 1009 1408 di.
1076 1373 1148 1417 (24)
1191 1373 1324 1407 videtis
1357 1378 1479 1408 autem
1516 1376 1574 1418 (ex
1609 1376 1732 1420 op)ere

128 1420 348 1464 justificatus
368 1424 431 1455 est.
485 1420 627 1454 Videtis
647 1421 820 1466 quoniam
839 1432 882 1454 ex
901 1420 1072 1466 operibus
1085 1420 1309 1465 justificatur
1326 1420 1435 1455 homo
1453 1426 1488 1455 et
1504 1433 1579 1455 non
1598 1433 1642 1456 ex
1662 1421 1732 1455 fide

133 1473 277 1502 tantum
297 1468 368 1511 (25)
389 1467 560 1501 similiter
587 1472 620 1501 et
649 1468 734 1501 raab
761 1468 932 1502 meretrix
955 1479 1075 1501 nonne
1100 1479 1143 1501 ex
1168 1468 1338 1513 operibus
1358 1468 1557 1513 justificata
1581 1473 1634 1503 est
1659 1480 1734 1503 sus-

135 1514 270 1560 cipiens
287 1515 437 1548 nuntios
455 1519 490 1548 et
507 1514 579 1549 alia
596 1514 656 1549 via
673 1515 806 1549 eiciens
826 1515 898 1559 (26)
919 1515 1012 1549 sicut
1033 1515 1131 1548 enim
1150 1527 1279 1561 corpus
1298 1516 1375 1550 sine
1394 1515 1526 1561 spiritu
1546 1520 1733 1550 mortuum

134 1567 187 1596 est
212 1562 264 1595 ita
290 1566 327 1596 et
353 1561 441 1595 fides
468 1561 544 1596 sine
574 1562 744 1607 operibus
768 1566 912 1596 mortua
929 1566 992 1596 est.
1045 1561 1134 1606 (III.
1159 1563 1192 1606 1)
1212 1562 1326 1597 nolite
1344 1563 1456 1597 multi
1473 1563 1637 1609 magistri
1655 1563 1735 1598 fieri

136 1609 263 1644 fratres
290 1609 361 1643 mei
390 1609 542 1643 scientes
571 1609 744 1654 quoniam
776 1609 893 1654 majus
917 1609 1102 1654 judicium
1130 1609 1284 1645 sumitis.
1338 1610 1388 1654 (2)
1414 1610 1454 1644 111
1481 1611 1609 1645 multis
1637 1611 1736 1644 enim

137 1668 296 1690 erramus
313 1667 446 1691 omnes.
491 1656 520 1689 si
535 1656 616 1701 quis
630 1656 669 1690 in
684 1656 794 1690 verbo
808 1668 883 1690 non
898 1656 1050 1690 offendit
1061 1656 1121 1690 hic
1134 1656 1316 1702 perfectus
1329 1662 1383 1692 est
1395 1658 1453 1692 vir
1466 1658 1575 1692 etiam
1590 1662 1737 1703 postens

136 1715 171 1738 se
205 1703 386 1737 infrenare
422 1714 551 1748 corpus
583 1706 713 1738 totum.
764 1703 815 1748 (3)
844 1704 874 1737 si
901 1707 1023 1738 autem
1053 1704 1156 1749 equis
1185 1703 1288 1738 freno
1318 1705 1358 1738 in
1388 1716 1449 1739 ora
1479 1705 1662 1739 mittimus
1691 1705 1737 1740 ad

138 1749 438 1785 consentiendum
459 1750 564 1784 nobis
592 1754 627 1784 et
655 1761 762 1784 omne
783 1762 911 1796 corpus
934 1750 1084 1784 illorum
1103 1751 1405 1787 circumferimus.
1456 1753 1506 1797 (4)
1533 1764 1611 1787 ecce
1628 1764 1740 1787 naves

136 1809 246 1843 quam
265 1808 414 1843 magnae
432 1797 506 1831 sint
524 1802 559 1831 et
575 1809 596 1832 a
613 1798 732 1831 ventis
748 1797 881 1832 validis
897 1798 1068 1832 feruntur
1085 1798 1396 1833 circumferuntur
1413 1811 1433 1834 a
1450 1799 1591 1834 modico
1609 1800 1738 1845 guber-

136 1844 267 1879 naculo
294 1843 360 1878 ubi
386 1844 545 1889 impetus
572 1844 763 1890 dirigentis
790 1845 959 1879 voluerit.
1012 1846 1060 1889 (5)
1088 1845 1139 1880 ita
1166 1850 1201 1880 et
1228 1846 1355 1892 lingua
1375 1847 1560 1881 modicum
1587 1847 1738 1892 quidem

138 1891 343 1926 membrum
357 1896 392 1925 et
406 1902 536 1937 magna
549 1891 695 1926 exaltat.
746 1904 824 1926 ecce
838 1896 998 1938 quantus
1011 1892 1107 1938 ignis
1121 1904 1231 1938 quam
1245 1905 1414 1939 magnam
1428 1894 1559 1929 silvam
1573 1894 1739 1929 incendit

138 1939 277 1974 ...inter
305 1950 367 1973 vos
397 1939 469 1982 (13)
499 1938 664 1973 ostendat
687 1950 731 1973 ex
753 1939 848 1973 bona
875 1940 1146 1974 conversatione
1173 1941 1420 1986 operationem
1445 1952 1548 1976 suam
1572 1942 1613 1975 in
1636 1953 1737 1976 man-

138 1985 329 2020 suetudine
357 1986 554 2031 sapientiae
583 1987 656 2030 (14)
686 1986 783 2031 quod
812 1987 841 2020 si
868 1986 987 2020 zelum
1015 1998 1179 2021 amarum
1210 1987 1346 2022 habent
1367 1993 1402 2022 et
1428 1989 1678 2024 contentiones
1698 1990 1738 2023 in

139 2032 306 2067 cordibus
324 2033 452 2066 vestris
470 2033 584 2067 nolite
601 2033 749 2078 gloriari
767 2037 802 2067 et
818 2033 1008 2068 mendaces
1026 2045 1099 2068 esse
1116 2034 1309 2069 adversum
1324 2036 1524 2070 veritatem.
1572 2037 1645 2082 (15)
1665 2048 1740 2071 non

138 2085 190 2114 est
210 2080 278 2114 ista
296 2080 472 2125 sapientia
490 2080 680 2114 desursum
699 2080 918 2115 descendens
939 2081 1000 2115 sed
1023 2086 1167 2116 terrena
1187 2082 1358 2117 animalis
1381 2083 1561 2118 diabolica
1581 2085 1653 2129 (16)
1678 2084 1739 2118 11111

138 2127 237 2161 enim
255 2127 352 2161 zelus
369 2131 405 2161 et
423 2128 606 2161 contentio
624 2127 675 2161 ibi
693 2128 937 2162 inconstantia
955 2133 990 2162 et
1007 2140 1113 2163 omne
1134 2141 1224 2174 opus
1241 2141 1395 2175 pravum
1413 2129 1489 2174 (17)
1509 2142 1600 2176 quae
1618 2136 1740 2166 autem

139 2174 329 2208 desursum
355 2179 408 2208 est
438 2175 617 2220 sapientia
643 2175 805 2220 primum
833 2175 983 2221 quidem
1008 2175 1142 2221 pudica
1169 2181 1222 2211 est
1249 2177 1380 2212 deinde
1408 2178 1558 2223 pacifica
1579 2179 1739 2213 modeste

140 2221 331 2256 suadibilis
348 2221 458 2267 plena
476 2221 721 2256 misericordia
741 2226 776 2256 et
799 2221 979 2257 fructibus
1001 2223 1107 2257 bonis
1123 2235 1197 2258 non
1211 2224 1381 2269 judicans
1399 2225 1476 2259 sine
1495 2225 1739 2261 simulatione.

142 2269 213 2312 (18)
233 2267 373 2302 fructus
391 2274 513 2302 autem
526 2269 693 2314 justitiae
711 2270 750 2303 in
768 2281 854 2316 pace
872 2270 1075 2305 seminatur
1097 2270 1316 2306 facientibus
1339 2284 1474 2318 pacem.
1528 2273 1608 2317 (IV.
1631 2274 1666 2318 1)
1692 2273 1741 2308 Et

141 2315 236 2349 unde
269 2315 366 2350 bella
400 2320 436 2350 et
468 2316 552 2350 lites
584 2316 625 2350 in
653 2316 767 2351 vobis.
818 2328 939 2351 nonne
969 2317 1055 2352 hinc
1085 2330 1128 2352 ex
1159 2319 1462 2365 concupiscentiis
1491 2320 1621 2355 vestris
1649 2332 1741 2366 quae

142 2363 301 2396 militant
318 2363 358 2396 in
376 2363 549 2397 membris
566 2364 695 2398 vestris
716 2365 763 2408 (2)
784 2364 1080 2410 concupiscentes
1098 2370 1134 2399 et
1150 2377 1226 2400 non
1242 2366 1428 2402 habetis..

187 2409 230 2443 V.
260 2412 312 2444 19.
342 2409 486 2444 Fratres
514 2411 586 2444 mei
614 2411 644 2444 si
674 2411 755 2457 quis
782 2422 826 2445 ex
853 2423 968 2446 vo...a
996 2412 1150 2446 veritate
1183 2417 1219 2447 et
1253 2414 1432 2449 convertit
1462 2414 1628 2460 quisquis
1658 2427 1741 2450 eum

143 2457 215 2500 (20)
238 2457 327 2490 scire
350 2456 457 2491 debet
477 2458 650 2502 quoniam
675 2459 739 2504 qui
764 2459 926 2492 converti
946 2458 1071 2493 fecerit
1093 2464 1316 2505 peccatorem
1339 2461 1384 2496 ab
1405 2473 1525 2497 errore
1549 2462 1628 2497 viae
1657 2474 1741 2497 suae

140 2502 256 2537 solvat
272 2503 432 2538 animam
450 2504 528 2550 ejus
545 2516 565 2539 a
583 2509 699 2539 morte
717 2509 752 2539 et
770 2506 929 2551 cooperit
947 2506 1225 2542 multitudinem
1246 2508 1506 2555 peccatorum.]

528 2671 822 2724 QUOTATIONS
853 2685 904 2715 IN
935 2674 1093 2716 EARLY
1126 2676 1355 2719 WRITERS.

200 2789 268 2831 On
288 2789 363 2831 the
384 2789 647 2845 importance
669 2793 714 2835 of
739 2794 862 2836 these
883 2795 1129 2850 quotations
1150 2811 1345 2852 compare
1364 2798 1589 2854 especially
1604 2799 1747 2842 West-

140 2861 228 2897 cott
263 2855 346 2919 and
383 2855 506 2907 Hert,
539 2859 664 2908 Intr„
696 2874 765 2914 pp.
801 2862 867 2911 83,
904 2860 1049 2911 87-89,
1086 2864 1287 2913 112-115‚
1331 2866 1532 2914 159-162,
1574 2865 1748 2908 Resch's

142 2922 347 2976 Ayrapha
368 2921 395 2977 ξ
418 2924 454 2964 3.
516 2923 676 2980 Bishop
698 2925 986 2968 Wordsworth
1022 2932 1154 2970 states
1191 2929 1286 2970 that
1318 2929 1392 2971 the
1423 2929 1588 2985 Epistle
1612 2931 1656 2973 of
1683 2931 1746 2975 St.

1551 3013 1563 3036 7
