1974 3298
279 191 358 228 244
716 192 901 229 INDEX
930 192 997 229 TO
1026 193 1220 230 GREEK
1249 193 1448 231 WORDS

1062 321 1097 354 A

274 413 399 450 λαλέω
419 426 425 449 :
455 414 478 450 i.
505 414 552 449 19
582 413 722 463 βραδὺς
742 415 792 452 εἷς
810 413 853 451 τὸ
872 414 1053 461 λαλῆσαι,
1074 413 1113 450 ii.
1141 414 1187 450 12
1211 415 1324 453 οὕτως
1352 415 1514 457 λαλεῖτε,
1537 426 1572 449 V.
1602 414 1649 450 10
1681 415 1876 463 ἐλάλησαν

388 469 426 504 ἐν
443 469 494 517 τῷ
513 467 666 516 ὀνόματι
686 467 837 515 Κυρίου.

270 520 456 569 λαμβάνω
473 534 479 556 :
506 521 532 557 i.
555 520 577 558 ’7
597 522 650 570 μὴ
670 521 804 559 οἰέσθω
825 521 881 558 ὅτι
900 521 1093 570 λήμψεταί
1108 538 1154 564 τι,
1176 521 1200 557 i.
1227 522 1274 557 12
1295 521 1484 570 λήμψεται
1503 521 1568 558 τὸν
1588 521 1789 570 στέφανον,
1810 522 1867 557 iii.

384 575 401 610 1
424 576 550 623 μεῖζον
566 575 678 623 κρίμα
696 575 935 624 λημψόμεθα,
956 575 1008 611 iv.
1033 575 1055 611 3
1076 577 1210 612 αἰτεῖτε
1230 575 1290 612 καὶ
1320 577 1362 612 οὐ
1381 574 1608 623 λαμβάνετε,
1630 588 1665 610 V.
1690 573 1711 612 ἰ’
1736 592 1871 624 μακρο-

382 628 504 676 θυμῶν
534 628 598 667 ἕως
630 628 748 678 λάβῃ,
784 642 820 665 V.
854 629 902 665 10
928 627 1134 678 ὑπόδειγμα
1160 629 1303 677 λάβετε
1331 628 1416 668 τοὺς
1439 629 1643 677 προφήτας.
1704 628 1776 665 See
1804 641 1868 678 pp.

382 682 544 726 clxxxii,
564 695 673 718 ccxx.

267 736 463 784 λαμπρός;
501 736 540 772 ii.
579 737 600 771 2
636 738 673 773 ἐν
703 736 833 784 ἐσθῆτι
863 738 1030 787 λαμπρᾷ,
1061 736 1100 772 ii.
1136 737 1158 772 3
1198 736 1262 774 τὸν
1291 738 1480 785 φοροῦντα
1517 736 1583 784 τὴν
1624 736 1763 784 ἐσθῆτα
1803 737 1872 785 τὴν

380 791 572 838 λαμπράν.
1719 804 1723 808 ·

267 842 366 893 λέγω
386 856 393 879 1
422 843 446 879 i.
473 844 520 879 13
540 843 667 892 μηδεὶς
686 844 826 894 λεγέτω
846 843 914 886 ὅτι,
935 843 976 880 ii.
1001 844 1049 880 14
1070 845 1133 881 ἐὰν
1151 844 1280 881 πίστιν
1299 843 1394 893 λέγῃ
1414 860 1468 883 τις
1489 844 1596 894 ἔχειν,
1617 843 1658 880 ii.
1680 843 1743 887 23,
1763 843 1816 880 iv.
1832 844 1871 887 5,

377 897 399 933 6
434 898 458 945 ἡ
484 898 614 947 γραφὴ
644 897 758 948 λέγει,
793 898 845 934 iv.
880 898 927 933 13
961 898 1027 947 ἄγε
1051 900 1113 935 νῦν
1144 899 1178 935 οἶ
1196 898 1382 946 λέγοντες,
1403 897 1455 933 iv.
1481 897 1528 932 15
1551 897 1631 934 ἀντὶ
1651 899 1716 934 τοῦ
1744 897 1869 947 λέγειν

380 952 483 1000 ὖμᾶς.

266 1003 408 1041 λείπωῑ
439 1006 462 1040 i.
486 1005 509 1041 4
541 1008 579 1042 ἐν
611 1004 740 1053 μηδενὶ
772 1006 998 1055 λειπόμενοι,
1019 1006 1043 1041 i.
1066 1006 1088 1041 5
1112 1006 1144 1042 εἴ
1161 1022 1215 1045 τις
1234 1006 1333 1053 ὑμῶν
1365 1004 1533 1042 λείπεται
1567 1005 1719 1054 σοφίας,
1752 1004 1792 1040 ii.
1818 1004 1866 1040 15

373 1059 587 1107 λειπόμενοι
605 1061 669 1107 τῆς
689 1059 876 1108 ἐφημέρου
895 1061 1048 1109 τροφῆς.

262 1112 462 1162 λογίζομαι
480 1125 487 1148 1
516 1113 556 1149 ii.
579 1114 628 1149 23
651 1112 832 1163 ἐλογίσθη
850 1115 947 1164 αὐτῷ
968 1115 1018 1152 εἷς
1037 1113 1288 1161 δικαιοσύνην.

268 1166 409 1216 λόγοςῑ
439 1166 462 1202 i.
488 1166 536 1202 18
562 1167 772 1215 ἀπεκύησεν
799 1168 895 1215 ἡμᾶς
924 1167 1026 1217 λόγῳ
1055 1167 1241 1215 ἀληθείας,
1259 1165 1309 1203 cf.
1331 1166 1478 1210 clxxvi,
1500 1166 1523 1202 i.
1548 1166 1593 1202 21
1617 1166 1681 1203 τὸν
1701 1166 1867 1215 ἔμφυτον

375 1220 504 1270 λόγον,
526 1221 550 1256 i.
574 1221 623 1256 22
645 1220 795 1268 ποιηταὶ
814 1222 944 1270 λόγου,
964 1221 989 1257 i.
1013 1221 1062 1256 23
1084 1221 1266 1269 ἀκροατὴς
1284 1220 1413 1270 λόγου,
1433 1220 1488 1257 iii.
1512 1221 1532 1255 2
1563 1220 1596 1257 εἴ
1618 1236 1672 1259 τις
1700 1223 1737 1257 ἐν
1762 1220 1865 1270 λόγῳ

375 1275 417 1310 οὗ
436 1274 567 1311 πταίει.
626 1274 698 1311 See
717 1287 780 1323 pp.
803 1274 979 1318 clxxxvi,
1000 1274 1086 1310 cxci
1105 1274 1187 1311 foll.

1048 1380 1089 1413 M

258 1472 471 1522 μακαρίζω;
501 1485 538 1508 V.
563 1473 607 1508 11
633 1472 720 1515 ἰδοὺ,
742 1473 992 1522 μακαρίζομεν
1010 1473 1096 1512 τοὺς
1115 1472 1391 1521 ὑπομείναντας.

258 1527 460 1576 μακάριοςῖ
488 1526 512 1562 i.
539 1526 585 1562 12
617 1527 796 1575 μακάριος
816 1527 908 1575 ἀνὴρ
937 1526 976 1566 ὃς
995 1526 1168 1575 ὑπομένει
1186 1526 1407 1575 πειρασμόν,
1430 1525 1454 1561 i.
1478 1526 1527 1561 25
1551 1524 1656 1565 οὗτος
1685 1526 1856 1574 μακάριο
1874 1543 1891 1565 ς

368 1583 406 1617 ἐν
424 1581 471 1630 τῇ
490 1580 640 1628 ποιήσει
659 1582 772 1617 αὐτοῦ
793 1580 910 1618 ἔσται.

256 1648 284 1671 e.
306 1634 550 1684 μακροθυμέω
569 1647 576 1669 2
605 1647 641 1670 V.
662 1633 684 1671 ἰ’
704 1634 1030 1683 μακροθυμήσατε,
1050 1634 1114 1674 ἕως
1132 1636 1197 1682 τῆς
1215 1633 1422 1682 παρουσίας
1437 1635 1502 1670 τοῦ
1515 1633 1731 1682 Κυρίου...ὃ
1751 1650 1860 1683 γεωρ-

362 1688 427 1738 γὸς
457 1687 641 1738 ἐκδέχεται
659 1689 916 1737 μακροθυμῶν,
935 1701 972 1724 V.
996 1689 1018 1723 8
1039 1688 1353 1737 μακροθυμήσατε
1374 1687 1433 1723 καὶ
1453 1688 1564 1734 ὑμεῖς.

255 1742 491 1791 μακροθυμία
510 1755 517 1777 2
547 1755 583 1777 V.
609 1742 657 1778 10
678 1741 883 1792 ὑπόδειγμα
901 1742 1042 1790 λάβετε
1061 1744 1125 1790 τῆς
1143 1741 1399 1790 μακροθυμίας
1418 1741 1503 1780 τοὺς
1522 1739 1731 1789 προφήτας.

256 1810 286 1834 c.
307 1796 471 1845 μαραίνω
488 1809 494 1831 :
525 1796 548 1831 i.
574 1796 618 1831 11
643 1797 662 1833 ὂ
682 1796 866 1835 πλούσιος
886 1798 923 1833 ἐν
941 1797 1021 1835 ταῖς
1039 1795 1203 1844 πόρείαις
1222 1796 1334 1832 αὐτοῦ
1352 1794 1642 1844 μαρανθήσεται.

255 1850 457 1899 μαρτύριον
476 1862 483 1885 2
511 1863 548 1885 V.
572 1850 594 1885 3
617 1850 636 1886 ὁ
658 1850 709 1889 ἰὸς
728 1851 846 1887 αὐτῶν
865 1852 915 1889 εἷς
932 1850 1133 1898 μαρτύριον
1152 1851 1237 1898 ὑμῖν
1257 1849 1373 1886 ἔσται.

257 1904 413 1952 μάταιος
431 1916 437 1938 t
467 1903 491 1939 i.
516 1904 564 1939 26
586 1903 719 1940 τούτου
737 1904 896 1951 μάταιος
914 1904 938 1952 ἡ
968 1903 1157 1952 θρησκεία.

257 1958 361 2007 μάχη
378 1970 385 1992 :
414 1957 465 1993 iV.
492 1957 509 1992 1
533 1956 647 1994 πόθεν
665 1957 825 2006 πόλεμοι
848 1957 908 1994 καὶ
926 1958 1045 2007 μάχαι
1065 1959 1102 1994 ἐν
1121 1958 1206 2005 ὑμῖν
1221 1974 1231 1999 ,·

258 2012 450 2061 μάχομαιῖ
480 2011 531 2047 iv.
555 2011 577 2046 2
598 2011 767 2061 μάχεσθε
787 2011 847 2048 καὶ
867 2013 1076 2059 πολεμεῖτε.

258 2079 286 2102 c.
308 2064 552 2115 μεγαλαυχέω
573 2063 738 2115 (μεγάλα
757 2064 892 2115 αῧχέω)
913 2078 920 2101 :
950 2065 1004 2101 iii.
1027 2064 1049 2100 5
1071 2065 1272 2114 ἡγλῶσσα
1291 2063 1442 2112 μεγάλα
1462 2064 1577 2113 αὐχεῖ.

258 2119 414 2167 μείζωνῖ
444 2119 498 2154 iii.
525 2119 541 2154 1
566 2120 692 2167 μεῖζον
712 2119 834 2167 κρίμα,
856 2119 907 2155 iV.
932 2119 953 2154 6
974 2118 1124 2167 μείζονα
1144 2117 1293 2155 δίδωσιν
1312 2118 1431 2167 χάριν.

260 2172 413 2221 μέλλωῖ
443 2172 482 2208 ii.
508 2172 555 2207 12
577 2171 635 2209 διὸ.
654 2172 769 2221 νόμου
788 2172 998 2221 ἐλευθερίας
1016 2172 1220 2221 μέλλοντες
1240 2171 1440 2220 κρίνεσθαι.

259 2226 398 2275 μέλος;
427 2225 480 2261 iii.
505 2226 526 2261 5
548 2226 571 2273 ἡ
595 2228 757 2275 γλῶσσα
775 2226 908 2275 μικρὸν
925 2226 1050 2274 μέλος,
1072 2226 1126 2262 iii.
1151 2226 1173 2261 6
1199 2227 1219 2262 ὁ
1240 2226 1380 2273 κόσμος
1399 2227 1463 2273 τῆς
1491 2223 1631 2263 ἀδικίας
1649 2224 1672 2272 ἡ
1692 2226 1855 2273 γλῶσσα

367 2279 588 2317 καθίσταται
626 2282 663 2316 ἐν
699 2281 776 2319 τοῖς
813 2280 979 2327 μέλεσιν,
1011 2280 1063 2316 iv.
1103 2280 1120 2315 1
1162 2282 1233 2316 τῶν
1270 2278 1409 2327 ἡδονῶν
1446 2281 1516 2315 τῶν
1554 2279 1857 2326 στρατευομένων

369 2336 406 2370 ἐν
424 2335 502 2373 τοῖς
519 2333 676 2381 μέλεσιν
695 2335 804 2381 ὑμῶν.

258 2387 350 2436 μένῑ
379 2387 433 2422 iii.
458 2387 505 2423 17
526 2389 671 2435 πρῶτον
688 2388 756 2435 μὲν
782 2388 886 2437 ἁγνή.

258 2441 384 2490 μέντοι
403 2453 409 2476 :
439 2440 478 2476 ii.
501 2441 524 2476 8
546 2442 576 2477 εἰ
594 2440 720 2489 μέντοι
738 2441 852 2489 νόμον
870 2442 1019 2478 τελεῖτε.

258 2494 419 2543 μεστόςῑ
448 2494 502 2530 iii.
527 2495 549 2530 8
569 2495 691 2542 μεστὴ
713 2496 768 2531 ἰοῦ
788 2495 1059 2543 θανατηφόρου,
1080 2494 1135 2530 iii.
1162 2494 1208 2531 17
1229 2494 1351 2542 μεστὴ
1374 2493 1509 2533 ἐλέους.

258 2562 289 2586 c.
309 2548 457 2598 μετάγω
476 2561 483 2583 :
512 2548 566 2584 iii.
601 2549 623 2583 3
658 2548 700 2585 τὸ
729 2550 839 2596 σῶμα
865 2550 982 2585 αὐτῶν
1000 2549 1220 2598 μετάγομεν,
1242 2547 1296 2584 iii.
1321 2548 1343 2583 4
1363 2548 1409 2584 τὰ
1428 2549 1544 2584 πλοῖα
1563 2547 1761 2597 μετάγεται
1780 2547 1851 2584 ὑπὸ

367 2601 570 2652 ἐλαχίστου
587 2600 780 2650 πηδαλίου.

257 2655 473 2704 μετατρέπω
494 2654 562 2704 (αἶ.
582 2655 847 2705 μεταστρέφω)
866 2669 873 2691 :
904 2656 955 2692 iV.
979 2656 1000 2692 9
1027 2656 1046 2692 ὁ
1067 2655 1185 2705 γέλως
1205 2656 1304 2703 ὑμῶν
1324 2656 1373 2694 εἷς
1392 2653 1523 2694 πένθος
1541 2654 1817 2703 μετατραπήτω.

258 2709 334 2758 μὴ;
365 2709 474 2759 (with
502 2709 723 2757 imperative
739 2707 869 2759 force)
888 2709 912 2746 i.
938 2708 971 2754 7,
998 2710 1058 2753 16,
1081 2709 1143 2753 22,
1165 2709 1202 2746 ii.
1230 2709 1263 2753 1,
1288 2709 1348 2751 11,
1370 2709 1424 2745 iii.
1450 2709 1483 2752 1,
1509 2709 1568 2753 14,
1590 2709 1642 2744 iv·
1667 2708 1726 2753 11,
1749 2720 1786 2744 V.
1810 2708 1848 2750 9,

370 2764 429 2799 12.

368 2816 476 2866 (with
495 2817 767 2864 interroqative
776 2814 906 2865 force)
926 2816 966 2853 ii.
992 2816 1053 2859 14,
1073 2815 1129 2852 iii.
1155 2815 1215 2859 12,
1236 2814 1286 2852 cf.
1306 2816 1405 2864 μήτι.

368 2869 476 2920 (with
495 2869 707 2919 infinitiva)
728 2871 779 2907 iv.
804 2872 839 2915 2,
863 2871 923 2915 11,
948 2883 984 2907 V.
1010 2868 1069 2907 17.
