1974 3298
567 190 753 227 INDEX
781 189 848 227 TO
878 190 1070 227 GREEK
1101 192 1299 230 WORDS
1664 194 1740 231 245

245 293 354 344 (willa
373 292 660 345 subjunctive)
650 295 1027 340 11.11,14,16,17.

245 347 355 398 (with
367 348 624 398 participle)
614 362 637 385 1.
661 349 697 394 5,
721 350 755 393 6,
779 350 841 393 26,
864 349 902 385 ii.
929 351 989 394 13,
1011 350 1062 386 iv
1091 351 1148 387 17.

190 401 262 438 See
282 415 344 451 pp.
367 402 478 447 ccvii,
501 403 623 439 ccxvi.

133 455 283 504 μηδείςῐ
326 456 349 492 1.
387 457 410 492 4
443 459 480 494 ἐν
509 456 639 505 μηδενι
667 457 891 506 λειπόμενοι,
926 457 949 493 1.
979 458 1009 493 6
1039 457 1154 506 μηδὲν
1174 458 1489 508 διακρινόμενος,
1479 461 1576 498 1.13
1610 462 1738 511 μηδεὶς

242 511 503 559 πειραζόμενος
531 510 682 561 λεγέτω.

132 563 228 612 μήν.
259 576 296 599 V.
324 564 369 601 l7
392 564 575 604 ἐνιαυτοὺς
594 566 690 614 τρεῖς
710 581 771 601 και
789 566 908 613 μῆνας
929 565 977 608 ἕξ.

133 617 226 665 μήτε
246 631 252 653 :
283 630 318 654 V.
347 619 394 653 12
414 619 467 667 μὴ
488 619 641 667 ὀμνύετε
659 618 753 667 μήτε
772 618 836 655 τὸν
856 618 1011 667 οὐρανὸν
1028 619 1123 667 μήτε
1143 620 1263 658 ἄλλον
1282 622 1363 658 τινὰ
1383 621 1504 670 ὅρκον.

132 670 221 719 μήτι
239 684 246 706 :
276 671 331 707 111.
357 672 401 707 11
425 672 515 720 μήτι
533 673 556 720 ἡ
576 673 678 723 πηγὴ
697 672 808 721 βρύει
826 672 868 709 τὸ
888 672 1034 721 γλυκύ;

131 725 280 773 μικρός;
312 725 366 761 111.
390 726 412 761 5
434 727 457 774 ἡ
476 728 639 776 γλῶσσα
657 726 789 774 μικρὸν
807 725 923 774 μέλος
944 726 1056 763 ἐστίν.
1117 727 1187 763 See
1220 728 1433 779 ἐλάχιστος.

129 779 265 825 μισθός
282 792 288 814 :
318 793 354 816 V.
379 780 402 815 4
423 780 443 816 ὁ
462 780 601 828 μισθὸς
620 783 691 817 τῶν
711 782 874 830 ἐργατῶν
895 780 1028 828 κράζει.

128 845 157 868 e.
180 833 378 883 μοιχαλίςτ
409 834 460 870 iV.
485 834 508 869 4
527 833 755 884 μοιχαλίδες,
777 835 842 871 οὐκ
863 833 984 870 οἴδατε
1005 833 1062 871 ὅτι
1082 838 1190 872 κ.τ.λ.

128 887 289 936 μοιχεύω
306 901 313 923 z
342 887 381 924 ii.
408 888 451 923 11
476 888 529 936 μὴ
548 888 843 938 μοιχεύσῃς...εἷ
863 886 901 924 δὲ
922 889 964 924 οὐ
983 889 1178 938 μοιχεύεις.

127 940 260 990 μοιχός
281 956 288 977 :
318 941 369 977 iv.
394 942 417 977 4
438 941 480 977 in
501 954 608 978 some
628 941 743 978 MSS.

126 993 239 1041 μόνον
259 1008 265 1030 ;
296 995 319 1031 i.
344 996 393 1031 22
414 995 565 1045 γίνεσθε
583 996 637 1044 μὴ
657 995 835 1045 ἀκροαταὶ
855 995 982 1044 μόνον,
1004 995 1043 1034 11,
1068 995 1119 1031 24
1140 998 1206 1033 οὐκ
1228 999 1267 1034 ἐκ
1287 997 1447 1038 πίστεως
1466 999 1591 1048 μόνον.

910 1149 947 1182 N

122 1273 205 1298 ναι;
235 1273 271 1297 V.
298 1259 387 1296 12''
365 1276 442 1308 ητω
463 1258 537 1296 δὲ
521 1261 621 1308 υμῶν
640 1259 683 1297 τὸ
703 1259 762 1297 ναὶ
791 1276 860 1297 ναι.

122 1314 271 1363 νεκρόςῖ
300 1314 340 1350 11.
367 1314 453 1351 17
434 1331 458 1362 η
477 1330 615 1357 πιστις,
637 1314 700 1350 ἐὰν
718 1314 771 1362 μὴ
792 1331 859 1364 εχῃ
881 1314 983 1364 ἔργα,
1005 1315 1116 1364 νεκρά
1135 1317 1249 1360 ἐστιν,
1270 1316 1309 1353 11.
1340 1317 1390 1353 26
1417 1318 1460 1355 τὸ
1486 1321 1596 1368 σῶμα
1613 1321 1727 1381 χωρὶς

228 1368 437 1417 πνεύματος
456 1367 584 1416 νεκρόν
605 1370 721 1405 ἐστιν.
749 1368 786 1416 ,ἡ
806 1384 933 1407 πιστις
953 1369 1066 1419 χωρὶς
1096 1386 1212 1418 εργων
1241 1371 1350 1420 νεκρά
1372 1373 1486 1417 ἐστιν,
1508 1373 1623 1410 also
1613 1374 1653 1412 li.
1676 1376 1728 1413 20

229 1422 324 1459 read
344 1421 407 1458 fol
428 1421 525 1472 ἀργή
544 1421 585 1457 in
608 1434 715 1458 some
736 1421 850 1460 MSS.

122 1490 150 1513 c.
173 1476 399 1525 νομοθετης.
392 1489 399 1496 ·
430 1476 483 1512 iv.
510 1476 558 1512 12
580 1475 630 1515 εἰς
650 1478 753 1513 ἐστιν
772 1476 984 1525 νομοθετης.

121 1530 254 1579 νόμοςῑ
284 1530 307 1566 1.
332 1529 381 1566 25
403 1529 517 1578 νόμον
550 1529 693 1567 τελειον
723 1530 787 1567 τὸν
806 1532 871 1579 τῆς
888 1531 1149 1597 ἐλευθεριας,
1138 1531 1179 1568 11.
1203 1533 1225 1567 8
1258 1533 1372 1581 νόμον
1401 1536 1542 1572 τελεῖτε
1573 1536 1728 1584 βασιλι-

229 1585 303 1629 κόν,
336 1585 375 1620 11.
408 1585 430 1620 9
464 1583 705 1634 ἐλεγχόμενοι
738 1584 809 1622 ὑπὸ
839 1587 906 1621 τοῦ
936 1585 1061 1634 νόμου,
1095 1585 1132 1622 11.
1175 1586 1224 1622 10
1258 1586 1364 1627 ὅστις
1397 1588 1487 1626 ὅλον
1517 1606 1582 1628 τον
1612 1591 1727 1640 νόμον

226 1639 389 1688 τηρήσῃ,
411 1638 452 1675 11.
478 1639 522 1674 11
558 1638 718 1688 γέγονας
748 1639 972 1687 παραβάτης
992 1639 1117 1688 νόμου,
1137 1639 1178 1676 11.
1205 1641 1292 1676 12ε
1274 1658 1320 1681 ως
1348 1641 1406 1679 διὰ
1439 1643 1555 1692 νόμου
1586 1647 1726 1685 ἐλευθε-

226 1693 307 1741 ρίας
324 1692 528 1741 μέλλοντες
548 1692 780 1741 κρίνεσθαι,
769 1705 822 1729 1V.
850 1693 893 1728 11
934 1695 1141 1730 καταλαλεῖ
1169 1694 1284 1743 νόμου
1304 1696 1364 1733 καὶ
1384 1714 1497 1745 κρινει
1524 1698 1670 1748 νόμον..
1681 1702 1729 1738 ,εἷ

227 1746 265 1783 δὲ
284 1746 398 1795 νόμον
418 1763 550 1796 κρινεις
571 1748 635 1784 οὐκ
656 1763 687 1783 ει
707 1747 863 1795 ποιητὴς
884 1747 1008 1795 νόμου.
1068 1747 1139 1784 See
1159 1761 1222 1798 pp.
1246 1749 1424 1795 clxxxvi,
1447 1751 1560 1789 cxcii.

117 1802 205 1838 νῦνῖ
235 1801 362 1837 11].16
383 1817 447 1838 νυν
466 1799 505 1838 δὲ
525 1801 728 1851 καυχᾶσθε,
751 1801 803 1837 iV.
831 1801 892 1845 13,
915 1815 952 1838 V.
979 1802 995 1837 1
1021 1802 1088 1851 ἄγε
1104 1804 1177 1839 νῦν.

908 1951 938 1964 —q

909 1965 939 1989 :2

114 2065 294 2115 ξηραίνω;
325 2064 349 2100 1.
375 2064 419 2099 11
447 2064 466 2100 ὁ
488 2063 594 2111 ἥλιος
616 2063 790 2112 ἐξήρανεν
811 2063 875 2101 τὸν
893 2064 1042 2114 χόρτον.

899 2229 931 2262 O

112 2333 142 2374 ὃ,
164 2332 199 2380 ἡ,
220 2331 263 2369 τό
281 2346 289 2369 2
319 2342 382 2367 See
401 2343 466 2379 pp.
488 2328 835 2366 clxxxiii—cxciv.

110 2385 171 2423 ὅδε
189 2398 196 2421 :
226 2385 278 2422 iv.
303 2385 351 2421 13
373 2386 422 2424 εἷς
441 2382 548 2432 τήνδε
567 2384 635 2432 τὴν
654 2383 777 2420 πόλιν.

111 2439 216 2480 ὄδόςῑ
247 2439 272 2475 1.
295 2439 318 2475 8
340 2438 597 2478 ἀκατάστατος
618 2440 655 2475 ἐν
674 2437 814 2477 πάσαις
832 2439 913 2478 ταῖς
943 2437 1041 2478 ὁδοῖς
1074 2440 1199 2483 αὐτοῦ,
1220 2438 1260 2477 11.
1284 2439 1334 2476 25
1367 2440 1472 2491 ἑτέρᾳ
1506 2440 1576 2491 ὁδῷ
1607 2442 1716 2490 ἐκβα-

218 2495 352 2537 λοῦσα,
373 2505 410 2529 V.
434 2492 485 2528 20
506 2495 545 2529 ἐκ
564 2492 709 2540 πλάνης
728 2490 815 2529 ὁδοῦ
835 2493 956 2529 αὐτοῦ.
1503 2497 1506 2500 ’

111 2547 147 2585 οῗ
167 2565 190 2585 α
209 2560 216 2583 2
246 2547 271 2583 i.
306 2547 353 2583 19
374 2546 457 2584 ἴστε
477 2546 640 2595 ἀδελφοί
654 2562 727 2595 μου
746 2546 943 2596 ἀγαπητοί,
962 2547 1016 2583 iii.
1044 2547 1060 2582 1
1086 2546 1220 2587 εἰδότες
1240 2547 1297 2584 ὅτι
1324 2549 1450 2596 μεῖζον
1483 2549 1594 2598 κρίμα
1621 2552 1714 2598 λημ-

216 2601 374 2650 ψόμεθα,
389 2600 442 2637 iv.
458 2600 482 2636 4
496 2601 562 2637 οὐκ
575 2599 697 2637 οἴδατε
710 2599 767 2637 ὅτι
785 2601 808 2648 ἡ
825 2600 935 2649 φιλία
950 2602 1016 2638 τοῦ
1036 2601 1181 2650 κόσμου
1198 2601 1314 2652 ἔχθρα
1328 2604 1394 2639 τοῦ
1407 2605 1502 2640 Θεοῦ
1518 2606 1620 2641 ἐστιν
1631 2621 1644 2648 ,·
1659 2605 1711 2640 iv.

219 2655 266 2692 17
289 2654 399 2692 εἰδότι
419 2654 533 2691 καλὸν
552 2655 680 2691 ποιεῖν.
740 2653 812 2691 See
832 2667 867 2703 p.
890 2655 1068 2691 clxxxiii.

104 2721 135 2745 e.
159 2709 376 2758 οἶκτίρμωνε
407 2721 444 2744 V.
470 2708 514 2744 11
539 2708 863 2758 πολύσπλαγχνός
884 2711 986 2746 ἐστιν
1006 2709 1025 2746 ὅ
1047 2709 1185 2757 Κύριος
1206 2709 1267 2746 καὶ
1288 2710 1495 2759 οἰκτίρμων.

106 2763 230 2812 οἴομαι
249 2776 256 2798 ὶ
286 2763 310 2799 1.
335 2763 357 2800 7
377 2762 430 2811 μὴ
449 2763 521 2812 γὰρ
542 2762 677 2801 οἰέσθω
698 2763 717 2799 ὁ
737 2763 929 2810 ἅνθρωπος
949 2765 1085 2803 ἐκεῖνος
1104 2763 1170 2801 ὅτι.

104 2817 258 2867 ὀλίγοςῑ
287 2817 337 2854 iv.
366 2816 414 2852 14
448 2815 556 2865 ἀτμὶς
583 2817 606 2864 ἡ
637 2816 728 2865 πρὸς
749 2816 878 2867 ὀλίγον
899 2817 1115 2866 φαινομένη,
1136 2816 1192 2854 iii.
1218 2817 1240 2854 5
1273 2817 1368 2854 read
1401 2816 1465 2854 for
1494 2818 1626 2867 ἡλίκον
1657 2819 1711 2868 by

212 2883 318 2908 some
338 2870 453 2907 MSS.
