1974 3298
200 256 240 281 ec
783 239 846 276 ΙΝ
849 238 1204 277 TRODUOTION

259 347 317 401 (α)
350 347 374 387 i.
400 346 452 387 17
475 346 749 395 καταβαῖνον
772 342 860 385 ἀπὸ
883 345 959 385 τοῦ
983 341 1171 393 Πατρός,
1195 341 1248 382 iv.
1272 340 1295 383 7
1329 340 1535 396 φεύξεται
1567 340 1640 396 ἀφ’
1665 341 1793 393 ὑμῶν,

199 428 235 454 v.
261 415 312 454 19
336 411 596 454 πλανᾶσθαι
619 408 706 452 ἀπὸ
730 412 804 462 τῆς
826 408 1046 461 ἀληθείας.

255 479 314 531 (b)
344 478 368 518 1.
403 477 455 519 27
488 476 684 518 ἄσπιλον
717 474 870 517 ἑαυτὸν
901 477 1045 528 τηρεῖν
1076 472 1163 515 ἀπὸ
1196 475 1272 514 τοῦ
1313 471 1493 524 κόσμου,
1524 473 1662 514 where
1704 471 1793 514 ἀπό

197 544 370 599 belongs
393 549 435 584 to
457 543 561 584 both
584 545 727 596 τηρεῖν
749 542 831 582 and
855 540 1062 587 ἄσπιλον,
1085 555 1130 580 or
1150 539 1293 580 rather
1323 544 1367 579 to
1397 538 1510 579 their
1534 539 1648 592 joint
1669 539 1794 580 effect

201 611 266 661 (cf.
290 610 412 651 Luke
435 610 507 651 xii.
526 612 577 650 15
605 607 897 663 φυλάσσεσθε
919 605 1006 648 ἀπὸ
1030 605 1298 658 πλεονεξίας,
1315 605 1419 645 Acts
1440 619 1506 646 xx.
1531 606 1582 646 26
1606 603 1794 659 καθαρὸς

198 677 286 718 ἀπὸ
309 678 386 717 τοῦ
408 674 622 728 αἵματος).

257 742 307 796 (c)
339 742 364 783 1.
389 744 442 783 13
473 740 561 782 ἀπὸ
584 742 698 782 θεοῦ
729 739 999 793 πειράζομαι,
1026 753 1063 779 V.
1085 741 1110 778 4
1143 736 1163 778 ὁ
1194 735 1353 789 μισθὸς
1385 734 1405 777 ὁ
1439 736 1792 792 ἀφυστερημένος

199 808 272 863 ἀφ’
293 809 420 860 ὑμῶν.

255 873 335 915 διά.
360 894 396 908 =
419 872 723 914 instrumental
744 871 899 920 dative,
916 871 958 912 ii.
977 872 1029 911 12
1052 868 1122 911 διὰ
1145 868 1275 921 νόμου
1297 868 1544 923 ἐλευθερίας
1567 870 1791 923 κρίνεσθαι

198 941 263 994 (cf.
287 941 406 981 Rom.
429 940 471 982 11.
496 942 549 980 12
570 938 640 980 διὰ
661 937 793 990 νόμον
815 936 1131 991 κριθήσονται).

252 1006 436 1049 ἐνώπιον
460 1005 760 1060 (Hellenistic).
792 1004 845 1046 iv.
870 1006 921 1044 10
945 1001 1242 1052 ταπεινώθητε
1263 1000 1449 1043 ἐνώπιον
1472 1001 1648 1054 Κυρίου.

253 1073 300 1113 ἐκ
320 1088 365 1113 01·
386 1073 442 1125 ἐξ.
477 1073 590 1121 local,
611 1071 670 1112 iii.
694 1072 746 1111 10
780 1070 828 1111 ἐκ
860 1069 1080 1121 στόματος
1112 1068 1340 1125 ἐξέρχεται
1363 1067 1556 1120 εὐλογία,
1578 1067 1635 1109 111.
1661 1070 1711 1108 11
1746 1069 1793 1109 ἐκ

194 1141 269 1189 τῆς
292 1137 401 1191 ὀπῆς
423 1137 551 1192 βρύει
573 1136 621 1178 τὸ
642 1135 797 1190 γλυκύ,
812 1151 846 1176 v.
868 1138 920 1176 20
943 1134 1222 1189 ἐπιστρέψας
1244 1132 1509 1188 ἁμαρτωλὸν
1531 1134 1579 1175 ἐκ
1601 1133 1790 1185 πλάνηςε

188 1206 400 1258 partitive,
441 1204 481 1245 11.
526 1205 577 1244 16
620 1203 685 1247 τίς
727 1202 774 1254 ἐξ
816 1202 931 1254 ὑμῶν
950 1218 962 1248 ,·
1005 1201 1155 1246 musal,
1193 1200 1232 1240 11.
1272 1202 1337 1249 21,
1375 1201 1440 1249 24,
1475 1201 1526 1240 25
1570 1199 1618 1252 ἐξ
1658 1198 1793 1253 ἔργων

195 1269 439 1321 ἐδικαιώθη,
454 1270 507 1311 iv.
531 1269 554 1310 i.
577 1269 626 1309 ἐκ
648 1270 733 1309 τῶν
756 1267 918 1318 ἡδονῶν
937 1266 1094 1323 μάχαι,
1116 1266 1157 1306 11.
1181 1267 1233 1306 22
1257 1265 1305 1306 ἐκ
1327 1267 1413 1307 τῶν
1435 1264 1571 1319 ἔργων
1591 1265 1617 1317 ἡ
1641 1265 1792 1310 πίστις

196 1335 441 1387 ἐτελειώθη,
462 1335 504 1376 11.
520 1337 573 1375 18
596 1334 721 1386 δείξω
744 1334 793 1374 ἐκ
814 1334 900 1374 τῶν
922 1332 1058 1386 ἔργων
1078 1348 1161 1384 μου
1183 1330 1262 1383 τὴν
1285 1331 1451 1380 πίστιν,
1466 1331 1523 1372 111.
1542 1333 1595 1372 13
1611 1330 1793 1384 δειξάτω

194 1401 243 1442 ἐκ
264 1403 338 1452 τῆς
360 1402 497 1453 καλῆς
524 1400 802 1454 ἀναστροφῆς
835 1397 889 1440 τὰ
921 1397 1038 1452 ἔργα,
1100 1397 1173 1450 (In
1204 1397 1279 1438 the
1310 1397 1392 1438 last
1423 1397 1544 1438 three
1577 1397 1792 1452 examples

195 1466 266 1506 the
288 1467 397 1507 force
418 1467 453 1507 is
474 1465 620 1519 nearly
640 1465 737 1505 that
759 1464 805 1505 of
820 1464 895 1505 the
918 1463 1220 1504 instrumenta]
1241 1462 1412 1517 dative.)

251 1532 336 1574 ε’πί.
368 1532 480 1579 local,
504 1546 539 1573 v.
564 1532 617 1574 17
640 1530 718 1572 οὐκ
740 1529 919 1584 ἔβρεξεν
940 1529 1013 1571 ἐπὶ
1036 1531 1111 1580 τῆς
1133 1531 1223 1582 γῆς.

250 1597 325 1642 ἕως
349 1598 440 1650 (not
462 1597 565 1637 used
588 1610 632 1638 as
653 1611 678 1637 a
698 1595 960 1650 preposition
982 1595 1123 1636 before
1145 1594 1382 1648 Aristotle).
1407 1610 1441 1636 V.
1467 1594 1491 1637 7
1513 1595 1792 1649 μακροθυμή-

196 1680 305 1704 σατε
327 1663 403 1708 ἕως
425 1664 499 1715 τῆς
522 1662 780 1717 παρουσίας.

252 1728 375 1770 κατά.
406 1729 618 1784 ‘agains‘c,⁷
641 1743 677 1769 v.
702 1731 726 1770 9
759 1727 990 1780 στενάζετε
1021 1728 1116 1769 κατ’
1149 1727 1373 1779 ἀλλήλων,
1394 1727 1452 1769 111.
1483 1729 1536 1768 14·
1568 1727 1791 1783 ψεύδεσθε

195 1794 307 1836 κατὰ
329 1799 401 1844 τῆς
424 1794 643 1846 ἀληθείας.

258 1860 389 1914 παρά.
410 1861 436 1901 1.
458 1863 480 1902 5
505 1860 642 1902 αἰτεῖν
663 1859 784 1914 παρὰ
807 1861 933 1909 Θεοῦ,
954 1860 978 1901 1.
1004 1859 1027 1902 7
1050 1858 1281 1914 λήμψεται
1303 1858 1424 1914 παρὰ
1446 1862 1522 1901 τοῦ
1547 1860 1721 1913 Κυρίου.

259 1926 355 1980 πρό.
391 1927 502 1973 local,
525 1941 561 1968 v,
586 1927 609 1967 9
634 1925 718 1980 πρὸ
741 1928 826 1968 τῶν
849 1926 988 1979 θυρῶν
1011 1925 1211 1976 ἕστηκενι
1235 1926 1417 1979 tropical,
1440 1940 1476 1967 v,
1502 1927 1553 1965 12
1576 1924 1660 1979 πρὸ
1683 1925 1791 1968 πάν-

200 2009 287 2034 των
307 1990 364 2044 μὴ
389 1990 575 2044 ὀμνύετε.

262 2057 380 2111 ὑπέρ.
413 2073 449 2099 v.
469 2060 520 2099 16
545 2056 730 2114 εὔχεσθε
753 2056 861 2111 ὑπὲρ
883 2056 1103 2109 ἀλλήλων.

261 2123 356 2166 ὑπό.
387 2126 618 2177 expressim
639 2125 701 2164 the
722 2128 841 2176 ayant
863 2123 983 2176 (used
1007 2123 1052 2163 of
1077 2123 1313 2163 inanimabe
1335 2123 1480 2178 things
1502 2123 1584 2164 and
1606 2123 1790 2165 abstrac-

201 2190 342 2243 tions)‚
363 2190 389 2231 i.
418 2192 470 2229 14
494 2188 578 2231 ὑπὸ
600 2191 675 2241 τῆς
697 2189 928 2241 ἐπιθυμίας
959 2188 1219 2242 πειράζεται,
1242 2189 1300 2229 111.
1324 2191 1349 2229 4
1368 2188 1452 2230 ὑπὸ
1475 2188 1642 2241 ἀνέμων
1662 2189 1790 2230 ἐλαυ-

202 2255 368 2308 νόμενα,
393 2254 478 2297 ὑπὸ
509 2254 729 2307 πηδαλίου
759 2255 1007 2308 μετάγεται,
1029 2254 1087 2296 111.
1111 2256 1134 2296 6
1168 2255 1458 2309 φλογιζομένη
1491 2254 1575 2296 ὑπὸ
1606 2255 1791 2308 γεέννης,

198 2322 241 2363 11.
265 2323 288 2362 9
313 2320 594 2378 ἐλεγχόμενοι
617 2319 701 2362 ὑπὸ
723 2323 800 2362 τοῦ
822 2320 963 2372 νόμου.

258 2387 403 2444 χωρίς.
436 2387 476 2427 11.
501 2389 554 2427 18
576 2386 709 2443 χωρὶς
731 2388 816 2428 τῶν
838 2385 984 2440 ἔργων,
1005 2385 1058 2427 ib.
1081 2388 1145 2434 20,
1170 2388 1234 2428 26.

268 2492 382 2533 With
401 2493 561 2534 Dative.

255 2581 312 2623 ἐν.
348 2582 408 2635 (a)
440 2582 490 2634 of
504 2582 632 2634 place,
654 2581 742 2630 ‘in,²
765 2580 965 2635 ‘among,'
988 2581 1120 2622 hence
1151 2580 1196 2621 of
1223 2580 1424 2635 clothing,
1457 2582 1510 2633 (b)
1545 2582 1594 2634 of
1617 2582 1790 2622 circum—

193 2652 346 2688 stances
376 2648 462 2687 (md
491 2648 853 2700 aceompcmz'ments
884 2647 931 2700 of
955 2647 1100 2696 action,
1124 2646 1175 2700 (ο)
1199 2647 1246 2699 qf
1270 2648 1378 2695 time,
1401 2646 1464 2700 (d)
1485 2648 1534 2700 of
1557 2648 1620 2688 the
1640 2649 1788 2701 splwre,

199 2713 252 2767 (e)
275 2714 323 2766 of
339 2713 491 2753 mental
509 2717 619 2762 state,
644 2714 718 2767 (f)
740 2713 788 2765 of
798 2713 961 2765 yrovmd
982 2727 1026 2752 ον
1047 2726 1175 2762 cause,
1198 2712 1256 2766 (9)
1280 2713 1329 2765 of
1341 2713 1588 2753 instrmnent
1603 2730 1618 2755 .·

259 2779 320 2833 (α)
351 2778 409 2820 111.
434 2780 457 2820 6
481 2776 505 2831 ἦ
527 2780 718 2831 γλῶσσα
740 2778 1008 2820 καθίσταται
1030 2778 1073 2819 ἐν
1095 2780 1186 2822 τοῖς
1212 2777 1407 2830 μέλεσιν,
1427 2778 1455 2820 1.
1480 2780 1533 2820 23
1562 2783 1789 2822 κατανοεῖν

198 2843 248 2885 τὸ
281 2843 521 2897 πρόσωπον
552 2844 596 2886 ἐν
627 2843 829 2899 ἐσόπτρῳ
862 2844 978 2896 (here
1008 2843 1043 2883 it
1073 2843 1386 2897 approximantes
1408 2849 1452 2885 to
1473 2859 1547 2886 use
1578 2846 1634 2898 9),
1656 2845 1712 2887 iii.
1738 2848 1789 2886 14

198 2910 364 2964 ἐριθίαν
386 2911 509 2967 ἔχετε
531 2909 573 2952 ἐν
595 2913 647 2964 τῇ
670 2909 838 2968 καρδίᾳ,
860 2910 912 2951 iv.
940 2913 961 2950 1
987 2908 1121 2952 πόθεν
1140 2909 1284 2965 μάχαι
1306 2909 1351 2951 ἐν
1373 2910 1497 2962 ὑμῖν;
1520 2924 1557 2952 V.
1581 2913 1633 2952 13
1656 2911 1721 2956 τίς
1744 2912 1789 2953 ἐν
