1974 3298
70 243 92 280 1
121 242 162 294 5]
782 241 955 278 NOTES
1623 241 1672 279 37

69 347 256 398 repeated
277 364 314 384 π.
336 349 402 384 τοῦ
421 348 527 390 Θεοῦ,
548 348 615 384 τοῦ
635 363 673 382 π.
697 348 729 382 ἁ.
750 345 912 385 διδόντος
930 361 936 383 :
965 346 1015 382 cf.
1036 346 1098 383 for
1119 348 1188 384 the
1208 348 1461 396 hyperbaton
1476 348 1496 383 2
1516 348 1600 384 Pet.
1617 347 1670 384 iii.

71 404 93 439 2
113 402 323 451 μνησθῆναι
340 403 412 438 τῶν
431 400 705 449 προειρημένων
716 400 890 448 ῥημάτων
903 400 973 436 ὑπὸ
988 403 1060 437 τῶν
1076 401 1190 451 ἁγίων
1204 405 1418 450 προφητῶν,
1433 403 1545 438 Acts.
1562 402 1670 438 xxvi.

72 457 92 492 6
115 455 169 493 ἐπ’
193 454 315 492 ἐλπίδι
342 456 407 503 τῆς
427 456 477 493 εἷς
495 454 581 493 τοὺς
599 453 761 502 πατέρας
780 455 884 501 ἡμῶν
903 454 1128 504 ἐπαγγελίας
1147 456 1345 504 γενομένης
1371 456 1441 493 ὑπὸ
1472 458 1536 492 τοῦ
1564 458 1670 499 Θεοῦ,

69 510 184 546 Rom.
206 509 290 545 viii.
317 508 365 544 IS
386 508 454 556 τὴν
472 507 694 556 μέλλουσαν
714 507 825 551 δόξαν
845 509 1158 556 ἀποκαλυφθῆναι
1180 511 1228 548 εἰς
1240 510 1347 557 ἡμᾶς,
1366 510 1487 546 ὒῙὶιὶῒι.
1508 522 1600 546 XXV.
1621 510 1671 545 34

70 564 137 612 τὴν
156 562 434 612 ἡτοιμασμένην
454 563 538 610 ὑμῖν
557 560 763 609 βασιλείαν
779 561 853 598 ἀπὸ
874 561 1092 610 καταβολῆς
1112 562 1267 611 κόσμου.
1309 563 1385 599 We
1406 563 1672 612 occasionally

69 616 151 653 find
172 617 242 652 the
262 628 370 652 same
395 616 515 663 thing
549 616 591 650 in
626 614 805 651 classica]
838 615 1018 659 aubhors,
1041 615 1155 652 when
1186 616 1255 652 the
1284 616 1511 666 qualifying
1539 617 1672 653 clause

70 671 248 707 between
268 669 338 706 the
359 669 500 705 article
519 668 599 705 and
620 669 874 705 subsban‘oive
894 669 928 705 is
948 669 1059 705 1135011Ι
1073 668 1233 705 furbher
1252 670 1439 718 qualified
1457 683 1501 706 or
1518 671 1672 719 supple-

67 724 238 769 mentecL
267 736 310 760 as
332 723 384 770 by
404 736 428 759 a
448 722 735 772 preposibional
751 722 895 771 phrase
917 721 1037 773 (Xen.
1061 723 1186 760 Anah.
1209 723 1261 760 vi.
1287 724 1320 760 6.
1348 724 1394 760 19
1417 725 1436 760 ὁ
1458 725 1673 773 ἀφαιρεθεὶς

67 778 158 827 ἀνὴρ
180 778 248 815 ὑπὸ
267 775 461 827 Ἀγασίου,
483 777 604 813 Thuc.
635 777 659 813 1.
696 777 743 813 18
772 777 866 825 μετὰ
895 778 964 825 τὴν
991 779 1063 814 τῶν
1091 778 1278 826 τυράννων
1298 778 1504 815 κατάλυσιν
1536 781 1574 815 ἐκ
1607 781 1672 826 τῆς

67 830 260 875 Ἑλλάδος,
283 844 346 868 500
367 830 555 879 Krueger
575 830 637 867 50.
662 831 696 876 9,
715 843 752 867 11.
770 832 806 874 8,
825 831 846 866 9
865 844 874 877 3
898 832 957 867 10.
981 831 1012 876 1,
1037 832 1072 875 2,
1096 830 1149 878 3),
1171 844 1215 867 or
1235 832 1370 880 hythe
1386 831 1518 880 object
1533 832 1666 881 (Dem.

67 886 154 924 Cor.
179 885 250 922 301
277 886 296 922 ὃ
318 886 551 933 κατειληφὼς
571 884 735 924 κίνδυνος
750 885 817 933 τὴν
832 885 955 929 πόλιν,
973 884 1103 933 Epicb.
1119 886 1223 922 Βίας.
1241 885 1265 922 1.
1285 886 1301 921 1
1319 886 1506 935 χρηστικὴ
1522 885 1672 934 δύναμις

65 941 145 979 ταῖς
165 938 418 988 φαντασίαις),
441 951 504 975 500
524 938 683 987 Sandys
703 938 809 987 Lepc.
828 951 863 987 p.
888 939 937 975 35
961 939 1008 984 ἐξ
1031 939 1092 975 31.
1153 939 1264 976 Here
1287 940 1356 976 the
1377 940 1550 975 unusual
1572 940 1671 989 posi-

66 994 153 1030 tion
173 993 284 1042 gives
304 1006 328 1029 a
348 992 494 1042 special
514 994 768 1041 prominence
788 996 831 1028 to
851 995 968 1030 πᾶσιν
997 994 1134 1032 ἁπλῶς.

119 1047 245 1083 There
264 1060 332 1084 are
352 1051 432 1083 two
452 1059 561 1095 ways
582 1046 624 1082 in
646 1046 776 1082 which
802 1048 930 1086 ἁπλῶς
952 1047 1063 1095 (only
1085 1047 1177 1083 here
1198 1048 1239 1083 in
1261 1046 1380 1097 ΝΤ.)
1401 1047 1435 1084 15
1455 1047 1593 1091 taken,
1612 1046 1669 1097 (1)

64 1102 107 1137 in
136 1114 160 1137 a
188 1101 331 1150 logical
360 1113 484 1145 sense,
518 1104 526 1120 ‘
543 1100 713 1149 simply‚'
737 1105 746 1121 ‘
764 1100 1136 1149 unconditionally,’
1172 1101 1368 1138 ‘withoub
1400 1101 1667 1150 bargaining‚'

64 1155 193 1191 which
213 1168 305 1204 may
325 1156 374 1191 be
393 1154 479 1191 said
499 1158 604 1190 111051]
624 1154 737 1203 truly
756 1154 798 1190 of
818 1154 918 1190 Him
939 1155 1027 1191 who
1043 1155 1180 1191 makes
1201 1156 1263 1191 his
1284 1168 1358 1191 sun
1379 1159 1422 1191 to
1438 1156 1516 1192 rise
1533 1168 1583 1191 on
1600 1156 1670 1192 bhe

63 1209 141 1245 evil
158 1209 237 1245 and
254 1210 322 1245 the
334 1209 434 1257 good
453 1208 590 1258 (Matr,
610 1221 646 1244 v.
664 1208 750 1257 45):
772 1207 821 1246 cf.
843 1208 983 1245 Herm.
1001 1209 1142 1245 Marad.
1158 1209 1197 1246 ii.
1216 1210 1239 1245 4
1255 1212 1373 1247 πᾶσιν
1387 1209 1671 1258 ὑστερουμένοις

65 1262 165 1300 δίδου
185 1264 322 1308 ἁπλῶς,
345 1263 398 1311 μὴ
423 1262 606 1309 διστάζων
624 1262 695 1300 τίνι
716 1261 783 1313 δῷς
802 1261 825 1311 ἦ
845 1263 916 1300 τίνι
934 1263 987 1312 μὴ
1007 1262 1086 1314 δῷς,
1103 1266 1220 1301 πᾶσιν
1235 1263 1346 1307 δίδου,
1364 1263 1443 1299 and
1465 1263 1586 1313 again
1601 1263 1670 1299 im-

63 1317 278 1366 mediately
299 1317 425 1353 below
446 1318 572 1356 ἁπλῶς
592 1317 626 1353 15
646 1317 858 1365 explained
881 1317 933 1365 by
953 1316 1068 1365 μηδὲν
1097 1317 1311 1367 διακρίνων;
1344 1316 1403 1367 (2)
1434 1317 1475 1353 111
1497 1331 1521 1353 a
1541 1318 1669 1354 moral

64 1384 187 1415 sense,
214 1370 499 1420 ‘generously.'
557 1371 641 1407 The
662 1371 787 1407 latter
807 1371 840 1407 is
861 1384 971 1407 more
991 1371 1033 1407 in
1055 1372 1296 1409 accordance
1316 1372 1416 1408 with
1437 1372 1508 1408 ‘ohe
1529 1385 1598 1408 use
1628 1371 1669 1408 of

62 1425 273 1474 ἁπλότηςΞ
288 1430 296 1446 ⁶
310 1424 541 1474 liberaliby,’
562 1425 693 1461 which
714 1425 747 1461 is
767 1437 948 1461 common
969 1426 1011 1461 in
1033 1426 1104 1462 the
1129 1426 1242 1470 N.T.,
1258 1425 1310 1463 cf.
1327 1426 1348 1462 2
1368 1426 1439 1462 001
1528 1426 1563 1463 ’1.
1587 1427 1608 1461 2
1632 1428 1670 1463 ἐν

60 1481 190 1530 πολλῇ
205 1479 340 1529 δοκιμῇ
353 1479 514 1528 θλίψεως
529 1479 552 1527 ἡ
565 1479 766 1527 περισσεία
779 1481 844 1527 τῆς
855 1482 974 1529 χαρᾶς
994 1481 1112 1517 αὐτῶν
1132 1480 1403 1530 ἐπερίσσευσεν
1423 1482 1474 1520 εἷς
1493 1500 1506 1517 ἰ
1576 1482 1669 1518 ’λοῦ-

59 1550 123 1573 τος
142 1536 207 1582 τῆς
227 1535 440 1582 ἁπλότητος
459 1535 588 1578 αὐτῶν,
610 1534 662 1569 ix.
691 1534 734 1569 11
760 1536 798 1571 ἐν
821 1533 934 1570 παντὶ
953 1535 1238 1582 πλουτιζόμενοι
1252 1536 1301 1573 εἷς
1312 1537 1441 1571 πᾶσαν
1461 1534 1667 1583 ἁπλότητα,

60 1600 140 1624 ver.
169 1588 228 1631 13,
251 1588 364 1624 Rom.
387 1587 455 1624 Xli.
480 1588 503 1624 8
525 1588 545 1624 ὃ
564 1586 781 1636 μεταδιδοὺς
801 1590 839 1624 ἐν
859 1588 1054 1636 ἁπλότητι.
1096 1588 1192 1624 This
1213 1601 1282 1625 use
1302 1588 1344 1625 Of
1359 1589 1528 1637 ἁπλότης
1543 1601 1668 1625 seems

58 1645 101 1678 'no
121 1654 230 1678 come
250 1641 354 1678 from
374 1641 444 1678 ‘ohe
464 1641 554 1678 idea
574 1641 615 1677 of
644 1641 863 1678 frankness
884 1642 964 1678 and
984 1642 1353 1692 openheartedness
1387 1643 1604 1691 belonging
1624 1647 1667 1679 to

60 1698 211 1736 ἁπλοῦς.
244 1696 372 1732 There
388 1696 422 1731 is
438 1696 623 1732 however
639 1708 689 1731 no
703 1695 883 1744 example
896 1696 938 1732 of
954 1696 1022 1732 the
1036 1696 1185 1733 adverb
1202 1696 1324 1746 being
1344 1696 1441 1733 thus
1462 1697 1571 1742 used,
1587 1697 1667 1733 and

59 1751 93 1786 it
108 1763 233 1786 seems
248 1762 299 1786 on
315 1750 369 1786 all
386 1754 574 1786 accounbs
592 1750 726 1786 bether
746 1754 788 1785 to
804 1750 904 1798 keep
924 1749 995 1786 the
1011 1751 1204 1799 ordinary
1224 1763 1337 1787 sense
1359 1755 1368 1771 ⁴
1386 1751 1668 1787 uneondition-

57 1803 164 1852 ally‚'
187 1804 315 1840 which
336 1804 421 1840 also
440 1808 644 1840 contrasts
665 1804 800 1840 better
816 1804 916 1840 with
936 1805 1006 1840 the
1022 1804 1229 1853 following
1244 1805 1298 1853 μὴ
1311 1804 1560 1852 ὀνειδίζοντος.
1604 1805 1662 1842 Cf.

59 1858 178 1894 Philo
194 1858 302 1895 Cher.
326 1858 382 1894 M.
410 1858 426 1893 1
453 1871 487 1906 p.
515 1858 585 1894 161
611 1859 630 1895 ὃ
650 1858 742 1897 Θεὸς
763 1859 805 1895 οὐ
824 1859 1002 1907 πωλητὴρ
1024 1859 1248 1906 ἐπευωνίζων
1267 1860 1314 1895 τὰ
1334 1861 1464 1896 ἑαυτοῦ
1484 1859 1664 1908 κτήματα,

59 1911 257 1960 δωρητικὸς
277 1911 315 1949 δὲ
335 1914 406 1949 τῶν
426 1912 606 1956 ἁπάντων,
626 1913 797 1952 ἀεννάους
816 1912 979 1962 χαρίτων
991 1913 1113 1963 πηγὰς
1125 1913 1300 1963 ἀναχέων,
1314 1914 1476 1962 ἀμοιβῆς
1489 1914 1555 1950 οὐκ
1571 1914 1669 1962 ἐφιέ-

58 1983 179 2014 μενος,
200 1966 320 2014 Alley.
343 1966 399 2002 M.
426 1967 442 2002 1
469 1979 504 2015 p.
529 1966 580 2002 50
603 1965 813 2015 φιλόδωρος
842 1965 890 2003 ὢν
919 1967 938 2003 ὁ
958 1966 1050 2006 Θεὸς
1069 1967 1260 2017 χαρίζεται
1279 1968 1326 2004 τὸ.
1346 1968 1469 2017 ἀγαθὰ
1488 1970 1585 2005 πᾶσι
1605 1968 1666 2005 καὶ

58 2022 136 2059 τοῖς
154 2021 207 2069 μὴ
227 2020 382 2059 τελείοις
403 2019 501 2059 foll.,
523 2020 571 2056 ib.
595 2032 630 2068 p.
645 2020 718 2056 251
743 2020 858 2058 πόθεν
877 2021 945 2069 τὴν
965 2022 1187 2070 φρονήσεως
1202 2021 1372 2070 διψῶσαν
1391 2021 1555 2059 διάνοιαν
1571 2021 1666 2062 εἰκός

58 2076 140 2111 ἐστι
160 2075 400 2124 πληροῦσθαι
425 2075 527 2123 πλὴν
547 2074 620 2111 ἀπὸ
641 2074 782 2123 σοφίας
801 2077 923 2118 Θεοῦ;
952 2074 1093 2112 Herm.
1115 2075 1255 2112 lisand.
1278 2075 1317 2113 ii.
1343 2075 1366 2111 4
1395 2078 1514 2113 πᾶσιν
1534 2077 1553 2113 ὃ
1573 2076 1666 2116 Θεὸς

58 2127 229 2167 δίδοσθαι
250 2128 350 2167 θέλει
371 2131 410 2165 ἐκ
430 2131 501 2166 τῶν
523 2127 621 2165 ἰδίων
640 2128 876 2177 δωρημάτων,
900 2129 1031 2166 where
1052 2129 1123 2165 the
1143 2133 1310 2166 conbext
1323 2129 1357 2165 15
1373 2129 1451 2166 full
1467 2129 1507 2166 of
1522 2130 1666 2167 remin-

58 2182 232 2219 iscences
252 2182 294 2219 of
323 2183 378 2220 Sb.
403 2183 540 2219 James
559 2196 568 2229 3
597 2182 651 2219 id.
670 2183 765 2219 Sim.
784 2196 820 2220 v.
838 2183 871 2220 4.
892 2183 914 2219 3
933 2182 972 2222 ὃς
995 2182 1040 2220 ἂν
1060 2183 1193 2223 δοῦλος
1208 2182 1233 2234 ᾗ
1247 2185 1313 2221 τοῦ
1326 2186 1421 2221 Θεοῦ
1437 2184 1498 2221 καὶ
1519 2184 1586 2235 ἔχῃ
1601 2184 1666 2222 τὸν

59 2237 200 2285 Κύριον
221 2239 351 2274 ἑαυτοῦ
372 2239 409 2274 ἐν
428 2238 476 2287 τῇ
496 2236 626 2287 καρδία
646 2238 801 2274 αἰτεῖται
821 2236 908 2286 παρ’
931 2239 1044 2274 αὐτοῦ
1075 2239 1229 2275 σύνεσιν
1254 2238 1314 2275 καὶ
1333 2238 1667 2287 λαμβάνει...ὅσοι

57 2290 95 2327 δὲ
124 2292 233 2341 ἀργοὶ
263 2289 393 2341 (εἰσὶν)
422 2291 515 2339 πρὸς
543 2291 611 2340 τὴν
641 2291 799 2335 ἔντευξιν
826 2292 957 2329 ἐκεῖνοι
987 2291 1229 2339 διατάξουσιν
1261 2293 1448 2331 αἰτεῖσθαι
1478 2293 1580 2342 παρὰ
1599 2295 1666 2330 τοῦ

59 2345 212 2394 Κυρίου,
233 2345 280 2382 ib.
304 2346 355 2382 ix.
382 2346 415 2381 2.
441 2346 489 2389 6.,
512 2345 600 2381 Sen.
624 2346 718 2382 Ben.
741 2347 776 2382 4.
802 2347 852 2381 25
872 2346 917 2382 cli
935 2346 1199 2394 quodcumque
1218 2344 1401 2392 faciunt,
1424 2347 1469 2383 in
1495 2360 1534 2384 eo
1568 2347 1666 2394 quid

50 2406 206 2447 praeter
225 2400 351 2448 ipsam
358 2397 546 2445 faciendi
564 2400 755 2436 rationem
775 2407 995 2447 sequuntur
1013 2401 1029 2436 ?
1085 2400 1193 2437 Plut.
1218 2401 1319 2438 Mor.
1358 2401 1419 2438 63.
1457 2401 1502 2445 F,
1538 2401 1665 2438 below

56 2465 137 2490 ver.
174 2452 220 2490 17
251 2456 356 2491 πᾶσα
386 2453 489 2493 δόσις
517 2454 649 2504 ἀγαθή.

111 2508 156 2550 μὴ
174 2506 424 2558 ὀνειδίζοντος-]
482 2508 556 2545 Sir.
580 2508 641 2545 41.
667 2509 715 2544 22
746 2509 840 2556 μετὰ
867 2508 911 2546 τὸ
943 2507 1067 2546 δοῦναι
1099 2509 1152 2558 μὴ
1184 2508 1345 2557 ὀνείδιζε,
1378 2509 1437 2547 18.
1469 2508 1516 2546 17
1543 2509 1666 2558 μωρὸς

56 2560 267 2611 ἀχαρίστως
288 2560 439 2605 ὀνειδιεῖ,
461 2562 521 2599 καὶ
541 2561 645 2603 δόσις
663 2562 863 2609 βασκάνου
877 2563 1020 2611 ἐκτήκει
1040 2563 1273 2612 ὀφθαλμούς,
1295 2564 1355 2600 20.
1383 2564 1431 2600 13
1453 2562 1536 2600 foll.
1561 2563 1666 2603 δόσις

56 2616 219 2664 ἄφρονος
243 2616 285 2652 οὗ
304 2616 549 2664 λυσιτελήσει
569 2633 626 2653 σε·
659 2616 771 2667 ὀλίγα
791 2616 901 2654 δώσει
920 2617 980 2654 καὶ
1000 2618 1129 2654 πολλὰ
1156 2617 1506 2667 ὀνειδίσει...μωρὸς
1538 2619 1660 2666 ἐρεῖ...

57 2671 122 2706 οὐκ
143 2668 223 2706 ἔστι
242 2669 349 2719 χάρις
367 2672 446 2709 τοῖς
465 2670 620 2721 ἀγαθοῖς
642 2687 726 2719 μου,
758 2671 898 2708 Herm.
935 2671 1074 2708 Mand.
1111 2673 1146 2707 5).
1184 2672 1206 2707 3
1240 2670 1364 2722 (after
1395 2671 1591 2721 speaking
1622 2670 1664 2707 of

57 2721 224 2773 διψυχία)
246 2724 311 2760 οὐκ
332 2722 412 2760 ἔστι
432 2725 503 2774 γὰρ
525 2726 544 2762 ὃ
564 2725 656 2764 Θεὸς
677 2726 723 2764 ὡς
743 2726 777 2762 οἱ
797 2725 1047 2774 ἄνθρωποιθοῖ
1077 2728 1403 2774 μνησικακοῦντες,
1437 2723 1525 2762 ἀλλ’
1555 2725 1665 2764 αὐτὸς

56 2777 308 2825 ὀμνησίκακός
324 2780 416 2821 ἐστι,
438 2779 533 2815 o'im.
554 2779 587 2816 9.
606 2779 654 2815 23
677 2780 696 2816 ὁ
716 2779 809 2819 Θεὸς
829 2781 870 2816 οὐ
889 2781 1114 2828 μνησικακεῖ
1130 2782 1208 2820 τοῖς
1228 2779 1584 2830 ἐξομολογουμένοις
1598 2779 1664 2818 τὰς

55 2831 245 2880 ἁμαρτίας,
267 2832 353 2868 ἀλλ’
375 2831 484 2872 ἵλεως
501 2833 653 2883 γίνεται,
674 2833 770 2870 Sim.
795 2834 829 2869 9.
854 2834 905 2870 24
925 2834 1036 2871 παντὶ
1055 2834 1232 2884 ἀνθρώπῳ
1258 2833 1497 2884 ἐχορήγησαν
1525 2835 1661 2870 ἀνονει-

55 2885 189 2924 δίστως
209 2885 269 2922 καὶ
298 2884 535 2926 ἀδιστάκτως.
594 2887 645 2924 So
680 2887 891 2924 Philemon
922 2886 1063 2937 (Mein.
1084 2887 1148 2934 fr.
1171 2888 1247 2925 inc.
1273 2889 1332 2924 18.
1365 2901 1400 2936 p.
1424 2884 1520 2936 401)
1542 2888 1663 2926 καλῶς

53 2939 215 2987 ποιήσας
235 2940 276 2976 οὐ
297 2942 417 2980 καλῶς
437 2940 637 2981 ὠνείδισας·
669 2941 778 2991 ἔργον
798 2942 967 2982 καθεῖλες
993 2942 1181 2979 πλούσιον
1208 2943 1343 2992 πτωχῷ
1375 2941 1490 2991 λόγῳ,
1525 2940 1662 2991 καυχώ-
